3022 4982
621 299 827 362 ..19-

162 483 242 548 satis
266 485 349 550 claro
372 486 473 550 elucet
494 486 672 566 Augustum
694 487 876 566 praetorum
897 486 946 549 ins
969 476 1281 570 frangerc'voluissc,

163 586 301 652 Messala
324 593 430 652 autem
453 588 512 652 etsi
535 607 592 668 pro
607 588 653 652 rei
675 589 817 669 publicae
840 593 999 669 quaetum
1022 593 1091 652 erat
1106 589 1283 653 condicione
1319 623 1324 632 ·

162 689 298 770 Augusti
319 691 483 771 imperium
506 710 568 755 non
590 692 682 756 modo
705 711 766 756 non
788 691 986 772 improbabat
1019 690 1075 754 sed
1098 691 1193 756 etiam
1216 697 1281 756 sta*

162 792 251 856 bilire
274 793 423 858 studebat
450 798 560 874 ,tamen
576 813 610 858 se
632 793 793 875 indignum
815 794 949 874 putabat
970 813 1042 857 eum
1063 794 1283 876 magistratum

162 913 272 976 gerere
294 914 387 977 quem
410 897 450 960 ad
471 897 647 961 libertatem
672 897 793 978 patriae
817 896 1052 977 opprimendam
1075 901 1109 966 et
1129 898 1281 963 maiorum
1334 972 1338 980 v

161 997 306 1063 instituta
327 999 478 1064 vertenda
500 999 703 1065 constitutum
730 1018 799 1064 esse
827 998 968 1064 omnibus
991 999 1022 1063 in
1047 1005 1196 1080 promptu
1218 1019 1283 1064 ma-

160 1099 369 1183 nifestumque
417 1107 492 1166 erat.
553 1101 749 1184 Itaqueiam
787 1108 854 1166 tum
881 1101 1051 1166 multorum
1096 1103 1274 1184 aequalium

162 1203 338 1284 exemplum
359 1211 485 1269 secutus
508 1223 600 1270 curas
625 1205 765 1286 publicas
802 1210 835 1269 et
870 1204 1003 1269 honores
1037 1205 1123 1270 misit
1156 1207 1282 1287 otioque

162 1305 340 1371 litterarum
361 1311 463 1372 totum
486 1326 520 1372 se
542 1307 680 1382 tradidit.
1100 1323 1103 1332 ’
1267 1360 1270 1365 .

249 1409 335 1474 Haec
362 1416 444 1492 sunt
481 1429 561 1492 quae
582 1409 741 1504 ,Teuffelii
781 1411 975 1476 coniecturae
1012 1411 1051 1474 do
1087 1410 1176 1476 bellis
1213 1416 1286 1491 post
1323 1437 1326 1442 ·

162 1531 188 1576 a.
233 1513 293 1576 727
331 1533 351 1576 a
392 1513 530 1582 Messala
568 1513 664 1594 gestis
702 1531 831 1594 prorsus
867 1518 1049 1595 repugnent.
1097 1515 1141 1577 dc
1177 1531 1215 1578 ne
1239 1514 1282 1577 'in

80 1701 81 1704 Ἴ
139 1619 200 1680 'ea
242 1615 367 1698 quidem
408 1635 443 1681 rc
486 1616 530 1680 illi
566 1616 633 1680 viro
670 1615 699 1680 d.
738 1616 893 1686 assentior
930 1616 1022 1697 quod,
1061 1615 1089 1697 si
1124 1620 1284 1680 statuatur

161 1717 277 1799 elegias
299 1718 369 1782 libri
399 1719 491 1800 primi
513 1718 595 1784 iutra
632 1737 729 1782 annos
767 1719 829 1782 724
866 1723 898 1782 et
931 1721 992 1783 727
1030 1738 1099 1784 esse
1133 1720 1284 1799 composi-

148 1826 220 1900 tas,
264 1821 435 1886 desiderari
478 1821 612 1903 putabat
654 1822 791 1885 carmina
825 1840 905 1902 quae
950 1822 1066 1886 ultimis
1109 1822 1196 1885 aunis
1234 1822 1304 1886 iit·
1358 1812 1360 1817 ’

161 1922 236 1987 bulli
259 1921 372 1988 aetatis
395 1924 611 1990 tribueremus.
664 1924 824 2006 Habemus
847 1930 949 1990 toturn
973 1924 1086 1989 librum
1112 1925 1282 1989 seeundum

164 2025 219 2106 qui
243 2043 298 2090 sex
319 2027 437 2108 elegias
461 2028 598 2092 continet
619 2023 783 2108 totumque
807 2033 935 2108 excepto
959 2028 1146 2109 panegyrico
1169 2028 1282 2092 librum
1320 2079 1322 2082 .

149 2134 308 2208 'quartum
323 2130 376 2211 qui
387 2148 592 2212 permagnum
603 2132 838 2206 nurnerum(13)
846 2131 1015 2198 carminum
1025 2135 1061 2194 ut
1072 2131 1146 2194 mihi
1154 2131 1285 2211 quidem

159 2231 283 2296 videtur
315 2251 387 2296 vere
420 2233 664 2300 Tibullianorum
697 2233 912 2318 complectitur
945 2252 1026 2315 quae
1068 2234 1152 2298 haud
1185 2235 1279 2298 dubie

160 2334 280 2400 ultimis
304 2336 418 2400 aetatis
441 2335 552 2400 Tibulli
575 2337 663 2402 annis
685 2341 761 2400 nata
784 2341 864 2400 sunt.
909 2337 1059 2400 Videmus
1082 2336 1178 2417 igitur
1189 2337 1280 2402 Teuf-

159 2435 266 2501 felium
289 2438 341 2502 illa
364 2439 507 2520 opinione
531 2459 594 2521 qua
616 2439 750 2520 putabat
771 2437 840 2503 fieri
873 2458 965 2520 posse
999 2443 1035 2503 ut
1069 2457 1106 2503 er
1140 2433 1293 2505 oratione
1341 2515 1346 2528 ι

160 2544 192 2604 et
214 2542 436 2621 compositione
459 2543 651 2624 singulorum
674 2542 844 2607 carminum
867 2560 975 2606 eorum
991 2543 1067 2606 ordo
1083 2547 1186 2606 certus
1210 2562 1298 2608 con--

159 2643 343 2708 stitueretur
365 2637 527 2711 seductum
551 2663 650 2727 usque
680 2663 717 2709 eo
740 2645 919 2725 pervenisse
948 2649 985 2708 ut
1006 2663 1063 2725 pro
1092 2646 1174 2708 veris
1198 2665 1279 2710 com-

158 2747 322 2812 mendaret
349 2767 429 2829 quae
462 2767 500 2812 ne
524 2748 659 2829 speciem
682 2748 807 2830 quidem
834 2747 976 2841 ueritatis
999 2766 1074 2832 prae
1107 2766 1140 2812 se
1164 2748 1275 2814 ferunt.

240 2849 350 2932 Neque
373 2851 472 2932 magis
495 2851 743 2933 Hankeliusqui
765 2852 876 2916 eadem
898 2851 1019 2915 ratione
1040 2851 1073 2914 in
1089 2851 1275 2916 carminibus

159 2951 334 3032 digerendis
357 2973 434 3018 usus
457 2959 506 3018 est
520 2972 642 3020 errores
666 2954 748 3019 cavit
782 2973 877 3036 quam
899 2952 1074 3030 Teuffelius.
1119 2954 1178 3019 Hie
1219 2957 1278 3020 etsi
1360 3036 1365 3048 .

158 3054 263 3134 paullo
285 3056 399 3120 rectius
422 3076 517 3138 quam
542 3057 593 3121 ille
616 3058 778 3122 constituit
801 3057 941 3121 ordinem
964 3055 1135 3121 carminum
1157 3077 1279 3122 eorum-

125 3197 129 3206 ·
158 3176 218 3238 quc
241 3163 384 3240 tempora
406 3159 552 3224 natalicia
584 3165 690 3225 tamen
712 3160 779 3224 eius
816 3160 992 3241 quaestioni
1026 3160 1135 3224 subest
1158 3161 1276 3254 grauis·

158 3260 271 3326 simum
292 3263 403 3328 vitium
426 3263 458 3326 in
480 3281 545 3344 quo·
558 3263 732 3345 detegendo
755 3281 837 3327 nunc
850 3281 1026 3344 parumper,
1041 3263 1284 3331 commoremur.'

244 3398 452 3483 Quaecunque
485 3400 581 3482 igitur
602 3399 774 3464 Hankelius
809 3400 847 3464 de
885 3399 1072 3464 carminibus
1094 3400 1277 3466 Tibullianis
1304 3477 1306 3482 ¹
1334 3448 1338 3454 -

158 3501 189 3564 iu
211 3507 331 3567 rectum
359 3504 498 3568 ordinem
521 3503 698 3585 redigendis
725 3502 857 3584 protulit
879 3521 917 3567 ea
954 3503 1167 3568 dissertationi
1201 3524 1277 3570 suae

157 3601 280 3669 addidit
302 3625 364 3687 qua
385 3606 519 3687 probare
542 3605 690 3671 studebat
715 3606 936 3688 panegyricum
959 3623 1037 3686 opus
1073 3603 1148 3672 vere
1169 3607 1275 3672 Tibul-

157 3706 273 3771 lianum
297 3711 401 3784 csse.¹)
446 3707 502 3774 Oui
538 3713 633 3791 negat
669 3708 767 3772 ullum
804 3708 974 3774 carminum
1011 3703 1143 3775 aliorum
1179 3712 1277 3776 multo

94 3879 120 3900 ,y
157 3812 190 3872 et
211 3811 437 3877 sententiarum
458 3831 539 3877 nexu
562 3817 595 3876 et
626 3811 857 3893 compositionis
891 3812 1047 3894 elegantia
1080 3813 1276 3894 superiorum
1344 3840 1347 3846 ·

156 3905 244 3977 brevi
266 3918 388 3980 tantum
411 3913 732 3996 spatio'successisse.
781 3915 885 3996 Atque
913 3934 994 3980 cum·
1017 3917 1045 3979 ei
1070 3931 1117 4004 ¹err
1139 3916 1276 3997 Appiani
1301 3986 1302 3989 ,

157 4016 260 4112 verbis
283 4013 482 4083 subobscuris
505 4024 537 4084 et
559 4018 666 4083 Dionis
689 4036 764 4082 voce
787 4012 921 4105 ὕστερον
936 4019 1176 4100 acompluribus
1199 4020 1274 4084 viris

36 4169 42 4182 .
157 4120 186 4185 d.
211 4121 292 4184 male
315 4121 469 4201 explicata
491 4120 645 4186 dubitatio
668 4122 824 4205 quaedam
847 4122 1088 4188 subnasceretur
1109 4140 1184 4186 num
1201 4123 1277 4188 ordo

139 4217 262 4288 ¹rerum
283 4223 343 4288 illis
366 4223 558 4304 temporibus
591 4230 751 4306 gestarum
784 4244 804 4288 a
836 4225 935 4291 doctis
971 4230 1055 4291 recte
1089 4230 1174 4290 esset
1207 4245 1277 4292 con-

157 4326 287 4392 stitutus
308 4325 388 4392 hanc
409 4347 476 4392 rem
497 4328 530 4392 in
552 4328 745 4394 subtiliorem
767 4329 891 4394 vocavit
923 4328 1137 4410 quaestionem
1170 4329 1278 4416 eisque

224 4498 245 4570 n
263 4501 324 4556 ao.
341 4479 476 4566 mou
494 4499 565 4566 urps
583 4498 659 4557 rara.
683 4515 709 4566 p.
726 4499 761 4556 45
779 4517 818 4568 sq.
