3022 4982
720 307 904 372 „g-

252 497 348 565 ἕδοκε
367 498 590 582 θριαμβεῦσαι.
634 495 733 573 Quem
754 496 855 561 looum
873 495 1005 577 Appiani
1027 495 1080 560 alii
1102 497 1159 561 viri
1172 497 1254 562 docti
1277 497 1374 563 alium

252 587 288 666 in
305 601 431 667 modum
452 599 649 680 interpretati
672 604 752 663 sunt.
799 599 843 662 Αο
872 598 996 678 plurimi
1027 598 1151 680 quidem
1174 600 1245 664 inde
1267 618 1373 666 neees-

222 787 225 796 .
253 705 335 770 sario
358 704 447 784 sequi
473 703 627 784 putabant
649 701 818 766 Messalam
839 701 911 765 inde
948 719 967 764 a
989 719 1094 782 pugna
1116 702 1243 766 Actiaca
1265 704 1374 768 statim

252 810 292 894 ad
306 808 477 888 Aquitanos
500 805 552 886 qui
568 805 607 870 ab
630 803 730 868 officio
743 803 921 868 defecerant
932 803 1133 894 debellandos
1149 805 1188 869 ab
1201 805 1373 870 Octaviano

252 911 382 975 missum
405 927 482 984 esse,
507 908 580 971 anni
601 907 696 988 igitur
715 909 780 970 ’723
815 911 980 994 auctumno
1014 905 1129 971 bellum
1152 907 1373 989 Aquitanicam

174 1037 177 1044 ·
252 1033 321 1078 esse
344 1016 522 1092 susceptum
545 1011 643 1074 etita
679 1009 899 1074 ratiocinantes
935 1009 993 1074 hoo
1029 1010 1145 1074 bellum
1182 1010 1265 1074 idem
1302 1029 1373 1074 essa

252 1116 378 1199 opinati
391 1120 464 1178 sunt
486 1118 580 1194 atque
602 1112 634 1202 id
657 1112 740 1194 quod
762 1112 794 1175 in
816 1111 917 1192 elegia
950 1112 1071 1176 decima
1093 1112 1267 1177 Tibulliana
1284 1132 1372 1196 ,quae

252 1219 388 1299 omnium
411 1221 562 1281 consensu
585 1214 720 1279 omnium
742 1213 814 1277 libri
836 1214 928 1295 primi
950 1214 1119 1295 elegiarum
1142 1215 1244 1296 prima
1256 1216 1375 1297 scripta

252 1327 301 1386 est
323 1324 592 1397 commemoratur,
616 1336 709 1399 quarn
732 1317 885 1407 rationem
908 1317 1006 1381 secuti
1029 1318 1146 1400 elegias
1176 1318 1246 1382 libri
1279 1319 1374 1398 primi

250 1426 282 1489 in
305 1423 444 1489 ordinem
471 1422 667 1502 redegerunt.
713 1419 830 1496 Quodsi
852 1420 897 1484 ita
933 1439 983 1484 res
1021 1439 1055 1485 se
1091 1417 1223 1486 haberet
1258 1423 1374 1489 mirum

252 1532 335 1593 certe
358 1529 442 1590 esset
464 1542 518 1588 our
539 1521 676 1587 Messala
698 1522 778 1600 bello
801 1520 888 1586 finito
922 1541 982 1586 non
1006 1523 1115 1587 eodem
1153 1530 1209 1588 aut
1244 1529 1372 1606 postero

251 1650 331 1695 anno
353 1629 485 1693 Romam
507 1644 651 1690 reuersus
674 1624 881 1704 triumpharet
903 1644 972 1689 eum
1000 1627 1372 1709 praesertimllugustus

251 1719 424 1798 bellacum
446 1728 580 1794 Antonio
603 1725 740 1792 confecto
763 1747 791 1792 a.
816 1728 878 1792 725
912 1733 944 1791 et
967 1727 999 1793 G.
1024 1728 1170 1794 Carrinas
1195 1749 1223 1794 a.
1248 1729 1309 1795 726
1333 1750 1373 1795 ex

252 1835 354 1900 Gallia
364 1832 515 1913 triumphi
526 1830 659 1896 honores
671 1830 925 1910 adipiscerentur,
949 1831 1003 1895 sed
1016 1831 1171 1897 Messalae
1194 1813 1371 1914 triumphus

249 1956 349 2019 usque
372 1929 412 2000 ad
435 1955 461 2000 a.
486 1936 547 2008 727
571 1933 755 1998 differretur.
802 1933 869 2009 Quo
892 1934 1036 2014 scrupulo
1048 1940 1084 1998 ut
1095 1936 1237 2015 quaestio
1259 1936 1373 2000 libera-

250 2046 338 2104 retur
359 2039 438 2102 hanc
461 2056 587 2102 oausam
608 2035 756 2115 triumphi
780 2023 824 2099 sic
846 2035 933 2100 dilati
950 2037 1007 2101 viri
1028 2038 1056 2104 d.
1082 2038 1263 2124 attulerunt,
1287 2040 1372 2119 quod

250 2143 387 2210 Messala
409 2141 490 2204 bello
512 2139 695 2220 Aquitanico
719 2136 857 2202 coniecto
885 2139 982 2203 nulla·
1003 2159 1090 2204 mora
1111 2141 1296 2222 interposita
1328 2142 1371 2205 ab

249 2245 418 2310 Octaviano
440 2244 471 2306 in
494 2243 600 2305 Asiam
623 2241 737 2305 missus
760 2229 845 2304 esset
867 2246 902 2304 ut
925 2247 1033 2322 gentes
1056 2243 1259 2325 civitatesque
1287 2263 1371 2325 quae

248 2349 292 2412 ibi
314 2347 448 2413 Antonio
471 2344 615 2408 addictae
644 2341 777 2424 fuerant,
801 2344 831 2407 in
869 2345 935 2408 eius
973 2350 1163 2426 potestatem
1199 2347 1368 2427 redigeret,

248 2453 330 2516 unde
351 2452 483 2533 Romam
510 2466 571 2512 non
609 2447 793 2510 revertisset
828 2447 1010 2536 priusquam
1032 2448 1224 2528 triumphum
1261 2455 1373 2530 ageret

248 2555 266 2617 i.
290 2573 315 2618 e.
338 2573 364 2618 a.
389 2553 460 2617 727.
490 2551 576 2616 *Nixi
599 2555 672 2614 sunt
694 2551 747 2631 qui
769 2569 826 2630 pro
860 2551 919 2614 hac
936 2536 1183 2631 ⁴computatione
1216 2557 1368 2633 puguant,

246 2656 313 2721 loeo
336 2659 472 2738 quodam
494 2655 601 2718 Dionis
629 2652 730 2717 Cassii
766 2653 820 2734 qui
855 2652 886 2717 in
924 2652 968 2717 eis
1006 2672 1087 2734 quae
1123 2659 1196 2734 post
1231 2673 1372 2737 pugnam

246 2761 405 2824 Actiacam
441 2759 473 2822 in
488 2757 575 2821 'Asia
608 2756 813 2838 Aegyptoque
850 2756 1028 2821 aeciderunt
1064 2757 1245 2822 enarrandis
1284 2758 1369 2835 (hist.

246 2864 336 2931 Rom.
374 2861 459 2942 518)
496 2859 573 2925 haec
594 2859 707 2923 habet:
728 2853 806 2924 ‘Koa‘
826 2885 881 2942 μοι
913 2858 1082 2941 θαυμάσαι
1114 2855 1285 2944 ἐπέρχεται
1309 2854 1370 2925 ότι

246 2961 337 3032 ἀλλον
375 2961 435 3048 μὲν
474 2969 592 3043 συχνοί,
632 2965 750 3048 καίπερ
794 2959 898 3028 πολλὰ
932 2958 1009 3048 παρ’
1045 2957 1152 3027 clivulo
1194 2944 1371 3050 εἰληφότες,

245 3065 456 3150 ἕγκατέλιπόν
478 3090 566 3156 σφας,
582 3067 612 3130 οἱ
628 3065 661 3129 δὲ
679 3064 733 3129 ἐπὶ
748 3075 817 3138 ταῖς
836 3060 1047 3148 όπλομαχίαις
1061 3064 1096 3130 ἐν
1110 3075 1176 3138 τοῖς
1191 3060 1372 3148 ἀτιμότατα

244 3171 438 3259 τρεφόμενοι
459 3175 631 3256 προθυμίᾳ
664 3191 699 3232 τε
722 3168 778 3264 εἰςἢ
798 3163 913 3242 αὐτοὺς
945 3171 1078 3257 πλείστῃ
1111 3167 1283 3257 ἐχρήσαντο
1317 3174 1372 3234 καὶ

245 3270 453 3362 ἀνδρειότατα
486 3267 689 3362 ἠγωνίσαντο.
733 3263 831 3335 Οότοι
875 3267 932 3357 γὰρ
970 3271 1005 3336 ἐν
1038 3275 1158 3360 Κυζίκῳ
1180 3267 1262 3356 πρὸς
1295 3267 1373 3346 τοὺς

245 3377 419 3450 ἐπινικίους
430 3372 560 3456 ἀγῶνας,
578 3367 633 3447 οἶῖς
643 3372 698 3438 ἐπὶ
709 3373 755 3462 τῷ
770 3379 902 3458 Καίσαρι
913 3369 1000 3451 ἄξειν
1011 3369 1152 3462 ἤλπιζον,
1165 3369 1371 3458 ἀσκούμενοι,

247 3479 318 3546 τότε
351 3473 461 3568 ἐπειδὴ
493 3478 623 3557 τάχιστα
656 3477 721 3542 τῶν
761 3475 936 3558 γεγονότων
970 3473 1120 3568 ᾔσθοντο,
1155 3470 1306 3565 ὥρμησαν
1338 3477 1372 3552 ἐς

243 3580 302 3673 τὴν
324 3583 487 3665 Αἴγυπτον
510 3574 551 3655 ὧς
573 3584 625 3646 καὶ
647 3577 863 3668 βοηθήσοντες
885 3575 1002 3659 αὐτοῖς,
1025 3584 1078 3645 καὶ
1109 3576 1214 3646 πολλὰ
1230 3583 1290 3663 μὲν
1310 3577 1372 3647 τὸν

243 3683 406 3770 ’δμόνταν
428 3684 463 3751 ἐν
484 3685 524 3775 τῇ
545 3686 695 3772 Γαλατίᾳ,
725 3684 830 3750 πολλὰ
854 3684 888 3749 δὲ
914 3687 966 3749 καὶ
988 3680 1063 3757 τους
1084 3685 1143 3749 τοῦ
1169 3685 1372 3772 Ταὶρακονδι-

243 3772 346 3874 μότου
368 3792 486 3862 παῖδας
507 3787 542 3852 ἕν
564 3789 604 3878 τῖγ
626 3791 757 3875 Κιλικίᾳ,
781 3790 893 3874 φίλους
914 3795 974 3868 μέν
986 3807 1092 3873 σφισιν
1115 3785 1145 3861 ἐς
1167 3783 1207 3852 τὰ
1229 3787 1371 3870 μάλιστα

243 3901 440 3977 γενομένους,
463 3889 536 3956 τότε
559 3892 592 3955 δὲ
615 3889 696 3975 πρὸς
713 3889 752 3956 τὰ
775 3889 923 3976 παρόντα
946 3888 1173 3973 μεταστάντας,
1197 3886 1304 3956 πολλὰ
1334 3893 1371 3955 δὲ

242 4001 294 4063 καὶ
316 3993 374 4062 τὸν
395 3999 506 4061 Δίδιον
528 3992 692 4059 κωλύοντά
707 4017 787 4078 σφας
801 3995 856 4083 τῆς
871 3991 980 4058 διόδου
996 3989 1143 4080 ἔδρασαν.
1188 3989 1235 4058 Οὐ
1253 4003 1369 4076 μέντοι

242 4105 294 4165 καὶ
317 4104 481 4166 διαπεσεῖν
503 4096 534 4170 ἐς
555 4091 614 4186 τὴν
636 4092 1027 4186 Αίγυπτουήδυνήθησαν,
1050 4090 1120 4163 ἀλλ’
1147 4093 1259 4184 ἐπειδὴ
1282 4121 1371 4162 παν-

241 4202 384 4282 ταχόθεν
416 4204 743 4288 περιεστοιχίσθησαν,
766 4199 861 4280 λόγον
883 4200 943 4282 μὲν
966 4194 1035 4264 oid
1061 4193 1249 4288 'o‘r'cor'da‘ooc¹
1262 4205 1370 4266 καίτοι

241 4308 301 4372 τοῦ
321 4309 435 4371 Διδίου
464 4300 564 4382 συχνά
598 4323 703 4388 σφισιν
732 4295 998 4385 όπιοχνουμένοο,
1033 4306 1272 4389 προςεδέξαντο,
1307 4299 1375 4368 τὸν

242 4409 276 4477 δὲ
301 4405 475 4475 Ἀντώνιον
497 4399 830 4492 μεταπίαψαντεςχόνς
851 4405 949 4472 καὶέν
965 4406 1004 4496 τῇ
1027 4412 1127 4493 Συρίᾳ
1143 4401 1278 4488 ἄμεινον
1293 4401 1373 4488 μετ’ῑ

242 4507 343 4581 αὐτοῦ
366 4511 611 4600 πολεμήσοντες,
634 4504 734 4575 ἔπειτ’
757 4503 868 4599 ἐπειδὴ
890 4509 1008 4583 ἐκεῖνος
1042 4504 1115 4597 μήτ’
1150 4503 1247 4582 αὐτὸς
1281 4494 1371 4597 ἦλθε
