3022 4982
166 1491 169 1500 ’
223 1459 353 1588 poetas
376 1512 487 1595 lyricos
510 1516 543 1576 et
564 1511 717 1593 elegiacos
740 1512 835 1598 libros
857 1512 997 1577 edituros
1019 1512 1050 1576 in
1072 1513 1259 1579 carminibus

137 1619 411 1705 ordinandiscum
433 1622 558 1702 saepius
585 1619 739 1685 rationem
766 1622 925 1702 haberent¹
946 1639 1055 1686 eorum
1083 1623 1258 1704 argumenti

137 1723 183 1788 ita
205 1729 241 1788 ut
263 1743 301 1788 ea
324 1724 460 1790 carmina
475 1715 587 1805 quibus
611 1721 720 1788 eadem
742 1742 793 1804 res
816 1729 872 1788 aut
888 1724 917 1788 ei
939 1717 1054 1789 similis'
1063 1724 1259 1792 tractabatur

138 1825 169 1889 in
193 1845 289 1890 unnim
303 1827 405 1892 locum
418 1825 604 1912 collocarent
619 1832 679 1890 aut·
697 1825 774 1890 alias
797 1831 1003 1907 sequerentur
1024 1827 1161 1892 rationes
1173 1827 1260 1892 velut
1361 1842 1364 1849 ·

139 1928 280 1994 videmus
303 1929 460 1994 Catullum
482 1930 514 1993 id
537 1929 638 2010 egisse
660 1933 697 1994 nt
718 1929 856 1994 carmina
878 1929 945 2010 pari
969 1935 1069 1994 metro
1085 1929 1258 2010 composita

139 2050 200 2096 uno
223 2037 331 2097 tenore
359 2033 390 2096 iu
423 2033 509 2097 libris
541 2032 720 2114 legerentur
753 2037 785 2096 et
808 2031 979 2113 Vergilium
1010 2032 1055 2098 ita
1089 2032 1256 2114 digessisse

140 2135 276 2199 carmina
308 2135 447 2200 bucolica
479 2139 515 2199 ut
544 2134 731 2200 carminibus
754 2135 931 2202 amoebaeis
953 2135 1165 2218 interponeret
1197 2135 1259 2200 alia

139 2237 328 2318 inquibus
361 2225 436 2303 'nen
483 2237 600 2304 fecerat
646 2241 789 2319 pastores
837 2237 1034 2318 altercantes
1081 2227 1259 2307 natalicium

140 2340 309 2410 camrinum
332 2340 524 2422 singulorum
539 2347 663 2422 tempus
685 2341 850 2408 nonmodo
872 2359 934 2405 non
946 2359 1073 2409 curasse
1095 2329 1258 2406 sedetiam

140 2442 280 2507 consulto
303 2445 406 2508 omma
428 2443 590 2510 miscuisse
624 2462 660 2508 ac
693 2442 868 2508 turbavisse
902 2444 1083 2508 iamdudum
1117 2444 1258 2526 agnitum

140 2550 188 2609 est
210 2563 247 2610 ac
268 2531 470 2626 plurimorum
493 2547 652 2612 hominum
675 2547 837 2612 doctorum
866 2546 955 2612 labor
981 2552 1076 2628 atque
1105 2547 1259 2612 industria
1321 2630 1323 2634 .

138 2666 238 2728 paene
261 2649 403 2714 certatim
426 2649 540 2715 collata
563 2655 636 2714 sunt
657 2656 693 2715 ut
715 2650 742 2714 is
776 2650 851 2714 ordo
874 2668 936 2732 quo
968 2650 1151 2715 viderentur
1182 2656 1258 2716 nata
1281 2655 1283 2660 ’

118 2740 208 2814 'esse
232 2751 368 2817 camnine
390 2758 441 2817 set
463 2759 548 2818 certo
571 2758 722 2834 quantum
743 2751 810 2818 lieri
843 2757 949 2833 potest
971 2753 1221 2818 constitueretur.

123 2847 124 2852 ’
224 2853 311 2918 Haec
333 2855 414 2918 enim
436 2856 579 2937 quaestio
617 2875 690 2921 suas
713 2859 818 2921 movet
854 2854 1065 2936 difficultates,
1097 2873 1167 2921 cum
1189 2875 1259 2937 per·

139 2975 257 3036 paucae
279 2958 477 3024 inveniantur
497 2959 530 3023 in
552 2958 739 3024 carminibus
771 2957 874 3041 lyricis
908 2963 941 3023 et
972 2958 1117 3044 elegiacis
1154 2978 1258 3024 rerum
1291 3013 1293 3018 .

140 3059 249 3126 iisdem
291 3061 367 3142 ipsis
411 3061 603 3142 temporibus
650 3051 811 3143 gestarum
852 3059 1101 3143 significationes,
1146 3062 1258 3143 quibus
1319 3049 1321 3054 ’

139 3163 272 3228 maxime
299 3183 377 3244 opus
400 3165 449 3229 e'st
472 3164 512 3229 ad
544 3183 613 3229 eam
648 3163 883 3245 explanandam,
912 3162 945 3229 id
979 3164 1062 3245 quod
1094 3165 1177 3230 ratio
1197 3163 1259 3230 fert

97 3264 101 3275 ’
139 3265 230 3330 buius
263 3267 385 3348 generis
422 3285 554 3348 poeseos
591 3285 662 3350 quo¹
689 3263 890 3348 potissimum
922 3263 1037 3348 gaudia
1084 3273 1259 3333 tractantur

139 3369 254 3434 amoris
277 3375 309 3434 et
331 3369 470 3449 convivii,
500 3370 654 3435 amicitiae
687 3360 726 3454 et'
740 3369 824 3434 ritae
861 3369 997 3434 rusticae
1033 3369 1257 3450 iucunditatem

81 3531 84 3538 .
140 3489 221 3553 qrrae
244 3472 347 3537 omnia
368 3472 460 3553 plane
487 3479 594 3538 carent
621 3461 798 3553 temporum
823 3470 1108 3554 significationibus.
1154 3463 1257 3551 Quare

139 3573 257 3639 sactum
280 3580 337 3654 est,
361 3580 397 3638 ut
418 3575 475 3640 viri
498 3576 527 3641 d.
552 3576 747 3668 carminibus
764 3581 888 3657 tempus
901 3575 1045 3641 etlocum
1068 3575 1258 3658 assignaturi

141 3677 235 3742 aliam
268 3677 508 3764 ingrederentur
541 3679 694 3744 rationem
732 3697 795 3760 qua
827 3678 997 3759 sperabant
1029 3678 1190 3743 meliorem
1223 3699 1257 3744 se

138 3779 274 3844 fructum
302 3786 453 3865 capturos¹
482 3800 560 3848 esse.
606 3781 696 3859 Quod
729 3781 810 3846 enim
846 3787 959 3863 poetae
996 3781 1125 3863 elegiaci
1162 3801 1257 3847 unam

139 3883 332 3964 eandemque
354 3884 490 3965 puellam
512 3871 650 3950 amatam
673 3885 737 3972 sire
771 3903 902 3966 puerum
925 3883 985 3950 sibi
1007 3883 1153 3949 dilectum
1176 3903 1258 3950 com·
1285 3933 1287 3938 -

138 3985 279 4069 pluribus
302 4005 397 4069 saepe
420 3988 605 4053 carminibus
628 3975 836 4067 celebrabant,
865 4005 904 4052 ea
931 4006 966 4051 re
987 3992 1097 4069 poetas
1119 3987 1168 4051 his
1192 4006 1258 4052 car-

137 4087 272 4154 minibus
328 4092 434 4156 dmnes
497 4091 726 4156 vicissitudines
779 4109 953 4171 omnesque.
1001 4091 1257 4156 commutationes

136 4191 249 4257 horum
271 4211 412 4259 amorum
434 4212 604 4275 eorumque
630 4195 785 4276 integram
819 4198 1058 4274 accuratamque
1090 4177 1257 4275 imaginem

138 4295 340 4376 descripsisse
363 4297 506 4362 arbitrati
529 4298 720 4380 collegerunt
739 4297 884 4363 alterum
906 4315 1014 4361 eorum
1047 4296 1180 4360 alterum
1213 4297 1258 4362 ita

138 4397 280 4478 excipere
302 4406 396 4481 prout
422 4401 595 4470 sententiae
617 4401 649 4465 in
672 4401 771 4465 altero
793 4418 961 4482 expressae
982 4417 1054 4464 cum
1086 4399 1186 4465 altero
1208 4418 1257 4466 eo-

138 4501 311 4588 haererent.
357 4503 469 4586 Itaque
506 4523 627 4572 summo
660 4503 769 4574 studio
802 4503 834 4570 in
867 4507 1052 4589 argumenta
1087 4504 1258 4592 carminum
