3022 4982
718 269 926 333 ...40-

266 485 304 530 ea
326 464 429 539 omnia
450 465 666 528 demonstrant
687 460 860 533 arctissimo
883 459 1003 524 vinculo
1036 458 1118 522 inter
1140 477 1173 522 se
1208 457 1386 523 coniunctos

266 587 335 633 esse
358 572 498 632 amantes
521 565 657 648 nihilque
680 571 805 644 poetam
828 562 964 642 cogitare
988 562 1026 626 de
1049 560 1179 642 perfidia
1194 560 1304 625 Deliae
1328 561 1388 624 sed

268 669 457 735 confidenter
480 687 549 734 eam
569 668 631 742 sibi
653 666 705 729 uni
733 665 871 728 deditam
905 683 973 729 esse
1009 665 1144 729 credere.
1189 663 1277 741 Quae
1312 681 1386 743 spes

268 772 380 837 fefellit
403 777 537 852 poetam.
583 770 664 835 Nam
687 767 821 850 Corcyra
857 768 1035 832 valetudine
1073 761 1234 831 rest'tuta'
1256 766 1389 852 Romam

267 893 410 940 reversus
433 894 504 940 mox
526 872 679 953 intellegit
700 871 822 936 Deliam
845 889 909 951 qua
931 875 1000 935 erat
1019 870 1155 934 levitate
1188 887 1222 934 se
1253 868 1387 934 'absente

268 979 338 1044 aliis
361 977 467 1044 farere
490 968 628 1057 coepisse
651 974 735 1057 qued
757 974 859 1039 elucet
881 993 898 1038 e
921 975 1056 1038 carmine
1070 973 1178 1054 primo
1200 971 1288 1036 brevi
1317 975 1391 1051 post

267 1082 403 1146 reditum
425 1079 596 1160 composita
619 1096 681 1158 qua
697 1069 852 1142 Messalae
875 1095 908 1141 se
935 1082 1064 1164 excusat
1098 1079 1193 1157 poeta
1204 1092 1258 1138 eur
1281 1092 1390 1154 quam·

211 1255 213 1259 ,
265 1203 363 1272 ρυειω
384 1183 518 1256 revaluit
550 1200 623 1246 eum
655 1180 686 1244 in
709 1180 867 1245 Orientem
894 1199 956 1245 non
985 1183 1109 1244 secutus
1141 1177 1190 1242 sit
1236 1176 1389 1241 Versibus

223 1294 232 1307 ‘
269 1286 349 1356 enim
374 1289 400 1352 1.
415 1286 464 1366 55,
478 1286 521 1349 56·
541 1302 611 1349 oum
632 1283 716 1347 dicat
736 1287 831 1363 poeta
931 1321 933 1327 -
1030 1301 1032 1304 ·

235 1399 241 1410 ·
423 1388 476 1454 Me
498 1387 633 1452 retinent
655 1387 792 1450 vinctum
814 1383 969 1450 formosae
991 1383 1091 1450 vincla
1112 1381 1236 1466 puellae

307 1535 308 1540 κ
421 1490 463 1555 Et
484 1490 578 1566 sedeo
597 1481 695 1553 'duras
717 1488 832 1553 ianitor
854 1493 926 1552 ante
948 1486 1031 1552 fores

197 1681 199 1688 Ι
269 1593 396 1658 meliore
417 1594 489 1657 inde
512 1593 579 1656 iure
602 1591 766 1656 concludas
788 1590 910 1655 Deliam
943 1590 1106 1654 aTibullo
1139 1589 1276 1680 animum
1299 1607 1389 1652 aver·
1492 1633 1493 1662 p

270 1697 348 1761 tisse
360 1695 473 1776 aliique
488 1695 554 1759 viro
567 1713 600 1758 se
612 1693 769 1758 dedidisse
780 1712 874 1775 qnam
886 1692 1117 1757 matrimonium
1130 1711 1199 1757 eam
1210 1710 1268 1772 per
1279 1690 1391 1760 abseu-
1492 1679 1493 1756 l

275 1799 351 1862 tiam
369 1803 481 1880 poetae
500 1796 614 1876 iniisse,
636 1796 668 1859 id
690 1796 773 1877 quod
790 1795 956 1886 probatum
968 1799 1017 1860 est
1031 1795 1229 1874 Lachmanno
1243 1793 1391 1858 Richtero

269 1900 470 1966 Baehrensio.
494 1900 536 1964 At
548 1918 585 1963 ex
597 1898 697 1980 elegia
709 1898 818 1980 quinta
829 1898 1034 1979 comperimus
1046 1898 1200 1962 Tibullum
1213 1897 1308 1962 etiam
1318 1901 1393 1976 post
1493 1979 1494 1984 ἵ

271 2004 405 2067 reditum
435 2003 518 2084 apud
535 2001 656 2066 Deliam
677 2001 780 2082 gratia
796 1995 946 2066 floruisse.
976 2002 1023 2065 At
1037 2001 1089 2065 illc
1105 2018 1262 2091 non-unus
1280 2000 1343 2063 iam
1360 1999 1396 2072 in„
1493 2011 1494 2016 ’

214 2143 217 2150 .
271 2104 392 2186 puellae
405 2105 508 2186 gratia
519 2111 588 2169 erat
598 2123 707 2168 verum
719 2104 915 2168 aliumetiam
929 2110 1101 2168 amatorem
1113 2103 1217 2184 puella
1230 2102 1393 2168 fallacissi-

270 2227 322 2272 ma
333 2209 491 2273 interdum
503 2208 543 2271 ad
555 2226 588 2271 se
601 2207 746 2272 admittit.
759 2289 762 2296 Ι
775 2207 905 2272 Videtur
916 2208 998 2271 enim
1015 2212 1081 2271 tum
1092 2207 1242 2287 temporis
1254 2205 1344 2269 Delia
1361 2204 1393 2266 in
1494 2263 1495 2274 ,

270 2311 380 2392 plagas
404 2312 550 2376 occidisse
573 2311 655 2374 illius
679 2311 889 2391 nequissimae
907 2310 996 2375 lenae
1015 2291 1165 2376 aTibdllo
1178 2311 1216 2391 (c.
1231 2309 1259 2389 5,
1277 2310 1317 2374 48
1330 2307 1392 2390 sq.)

271 2414 402 2478 devotae
425 2433 505 2495 quae
528 2414 555 2479 si
577 2414 652 2495 quid
673 2414 796 2478 honesti
818 2415 849 2478 in
861 2414 950 2478 Delia
973 2419 1042 2478 erat
1063 2431 1165 2478 mores
1182 2413 1248 2476 eius
1267 2411 1392 2477 omnino

261 2511 414 2598 'corrupit'
440 2536 477 2582 ac
509 2517 700 2598 depravavit.
756 2518 830 2581 Veri
857 2517 938 2582 enim
967 2522 1017 2582 est
1050 2516 1149 2580 simile
1171 2505 1265 2580 istam
1288 2515 1394 2579 lenam

151 2649 156 2666 ·
274 2639 354 2700 qnae
377 2639 415 2686 ex
436 2620 495 2685 hac
509 2639 543 2685 se
559 2620 750 2701 permultum
764 2620 841 2685 lucri
857 2625 1020 2703 capturam
1035 2638 1104 2684 csse
1120 2621 1269 2700 sperabat
1284 2611 1394 2684 Deliae
1495 2593 1496 2642 3

273 2724 466 2803 persuasisse
489 2728 524 2789 ut
546 2722 675 2803 Tibullo,
688 2741 826 2810 paupere
838 2723 904 2789 viro
927 2723 1080 2804 captabo,
1099 2723 1193 2788 misso
1211 2707 1312 2787 'alium
1334 2721 1394 2785 sibi

273 2827 449 2891 conciliaret
470 2830 565 2907 poeta
587 2826 811 2909 opulentiorem
845 2827 898 2907 qui
920 2827 1036 2891 divitiis
1070 2827 1134 2890 suis
1163 2826 1246 2890 vitae
1276 2825 1394 2890 cultum

191 2965 194 2970 ·
274 2933 307 2992 et
327 2928 467 2993 lautitias
489 2930 615 3011 utrique
637 2947 749 3009 parare
764 2935 879 3009 posset.
903 2929 1013 3010 Neque
1025 2925 1170 2994 nimirum
1182 2929 1243 2992 ista
1255 2928 1395 3009 pessima

273 3031 384 3096 mulier
406 3032 517 3096 cecinit
537 3030 639 3096 surdis
662 3031 797 3099 auribus.
842 3031 923 3096 Nam
944 3032 1035 3116 Delia
1058 3031 1139 3122 omui
1163 3032 1268 3112 generi
1284 3030 1394 3112 volup·
1439 3029 1443 3036 ’

272 3139 373 3200 tatum
396 3135 502 3200 dedita
523 3154 580 3200 nec
608 3140 753 3201 contenta
776 3119 858 3200 rictu
892 3135 1039 3217 cultuque
1071 3154 1209 3217 paupere
1244 3153 1337 3215 quem
1360 3153 1394 3198 se

273 3242 437 3320 expectare
459 3238 586 3304 videbat
608 3239 635 3302 si
656 3239 687 3302 in
708 3238 819 3303 Tibulli
842 3256 947 3304 amore
970 3244 1111 3302 maneret
1131 3239 1221 3304 lenae
1244 3237 1395 3302 obsecuta

95 3358 101 3374 ·
166 3428 169 3434 1
273 3327 401 3406 diuitem
423 3341 595 3407 amatorem
613 3346 850 3422 aucupata-est.
895 3339 1020 3406 Interea
1043 3360 1142 3422 usque
1156 3342 1240 3426 'dum
1251 3341 1277 3406 is
1301 3360 1396 3422 quem

250 3435 446 3524 'quaerebat
467 3442 499 3508 in
535 3445 647 3527 plagas
673 3449 786 3520 tentas
819 3442 970 3510 incideret
1012 3463 1073 3510 uno
1095 3444 1215 3511 Tibullo
1248 3449 1396 3510 contenta

276 3552 345 3611 erat
377 3566 469 3629 quem
502 3548 627 3628 quidem
662 3549 788 3629 saepius
822 3547 946 3613 videtur
977 3549 1145 3613 exclusisse
1191 3546 1327 3612 fortasse
1363 3547 1396 3611 id

235 3667 238 3676 ·
277 3648 394 3714 consilii
427 3655 535 3715 secuta
566 3655 602 3715 ut
634 3651 797 3732 paullatim
830 3670 902 3717 eum
941 3671 960 3718 a
993 3671 1027 3717 se
1061 3651 1256 3718 abalienaret
1291 3669 1394 3730 neque

274 3757 380 3817 tamen
402 3754 485 3818 omni
507 3773 562 3836 spe
578 3755 698 3836 gratiae
714 3756 944 3836 recuperandae
956 3773 1084 3837 prorsus
1096 3755 1244 3847 privaret.

359 3855 468 3937 Neque
484 3857 661 3930 incredibile
677 3863 726 3922 est
737 3858 845 3922 Deliae
857 3857 1021 3924 etiamtum
1034 3855 1118 3923 cordi
1129 3858 1226 3922 fuisse
1238 3856 1396 3922 Tibullum

248 3974 367 4050 'quem
390 3964 483 4026 antea
504 3959 626 4042 p'erdite
648 3966 823 4040 amaverat3
847 3953 1091 4028 videmus’enim
1114 3981 1151 4026 ex
1167 3959 1267 4042 elegia
1280 3959 1395 4041 'quinta

275 4061 394 4126 Tibullo
416 4061 537 4128 Deliam
561 4063 647 4144 gravi
670 4062 778 4128 morbo
800 4064 989 4144 implicatam
1012 4083 1135 4129 summa
1157 4061 1318 4146 diligentia
1342 4081 1396 4126 cu·

274 4180 345 4229 rare
368 4183 405 4233 ac
427 4166 526 4231 colere
548 4165 686 4245 licuisse;
710 4185 810 4246 neque
840 4171 945 4231 tamen
981 4166 1142 4254 perpetuis
1172 4166 1262 4232 lenae
1296 4166 1396 4231 moni·

275 4266 410 4333 tionibus
432 4269 522 4334 Delia
543 4269 689 4334 resistere
712 4269 814 4349 potuit
837 4275 869 4334 et
891 4288 960 4334 oum
983 4267 1155 4336 amatorem
1178 4267 1272 4352 poeta
1295 4270 1395 4335 multo

276 4370 500 4450 opulentiorem
521 4371 690 4437 invenisset
702 4371 741 4436 ab
758 4365 801 4436 ‘eo
823 4369 960 4437 animum
983 4371 1106 4446 avertit.
1151 4373 1220 4451 Quo
1243 4358 1396 4455 quantum

183 4521 186 4524 -
276 4473 415 4538 dolorem
442 4475 564 4541 Tibullo
600 4474 749 4544 inusserit
784 4494 823 4540 ex
860 4477 961 4559 elegia
998 4477 1106 4560 quinta
1138 4477 1218 4545 satis
1255 4481 1396 4558 apparet.
