3022 4982
591 320 633 334 ..
677 265 803 353 ιι..

130 478 250 540 sertam
273 461 341 540 esse
364 475 406 540 illi
430 476 556 542 carmini
579 476 817 556 pulcherrimam
839 476 1079 558 descriptionem
1100 480 1183 544 vitae
1205 477 1252 544 iu-

132 582 225 642 turae
249 597 342 659 quam
366 597 436 642 cum
457 579 548 643 Delia
574 598 608 643 se
635 584 866 660 transacturum
889 599 958 645 esse
982 587 1074 661 poeta
1097 588 1249 662 speraret,

130 699 170 744 ex
204 699 267 761 qua
308 681 376 746 luce
400 682 523 770 clarius·
545 687 714 768 appareret
744 682 820 747 illud
854 702 977 748 carmen
1012 685 1145 764 tempori
1180 704 1251 750 con-

130 783 208 864 iugii
230 785 447 876 praecessisse.
492 785 573 850 Nam
596 785 622 848 si
637 784 727 850 Delia
748 786 812 850 iam
833 790 932 866 nupta
947 785 1059 852 luisset
1081 806 1151 851 cum
1173 788 1251 852 illud
1297 779 1299 784 ’

130 904 257 952 carmen
279 892 516 968 componeretur
530 885 596 952 fieri
618 907 680 953 non
699 888 891 969 potuissent
912 894 1007 970 poeta
1022 907 1092 953 eam
1108 896 1252 970 speraret

131 1007 238 1054 secum
272 1009 326 1054 rus
348 991 463 1074 ituram
501 1009 570 1056 esse
593 991 697 1073 ibique
730 991 789 1056 sibi
810 992 895 1058 illam
921 992 1018 1057 vitam
1041 991 1283 1064 felicissimam*

129 1091 327 1159 reddituram
349 1112 443 1175 quam
466 1093 569 1158 animo
592 1093 652 1158 sibi
679 1094 731 1159 illo
754 1095 888 1160 carmine
910 1093 1081 1176 effingeret.
1127 1095 1189 1162 Sed
1211 1098 1252 1162 ad
1278 1121 1279 1126 ¹

130 1195 212 1260 hauc
223 1201 302 1276 ‘rem
316 1195 404 1260 iufra
420 1201 575 1287 revertam
591 1191 672 1262 nunc
687 1185 911 1274 consideranda
926 1203 975 1263 est
989 1198 1144 1264 sententia
1155 1199 1253 1265 Lacb-
1311 1207 1313 1212 '

129 1300 237 1363 manni
271 1299 325 1380 qui
347 1299 379 1380 (l.
401 1304 445 1374 c.)
468 1305 501 1364 et
522 1299 589 1380 ipse
609 1300 739 1381 ¹quidem
768 1300 900 1382 elegiam
922 1287 1048 1366 tertiam
1072 1307 1104 1366 ct
1118 1303 1252 1383 primaru

130 1402 229 1482 priori
252 1403 367 1467 amoris
390 1402 559 1487 temporit
545 1402 656 1468 tribuit
677 1402 805 1468 sedt
755 1408 805 1469 cet
806 1423 938 1469 erorum
962 1405 1133 1470 carminum
1156 1405 1252 1473 alium
1347 1409 1352 1418 '

131 1508 230 1584 atque
257 1505 492 1571 Passuriust
459 1511 492 1570 et
519 1505 682 1570 Disseuius
715 1506 855 1581 ordinem
886 1507 1047 1572 consuta
999 1508 1055 1574 uit.
1107 1507 1252 1619 Offensus

114 1606 214 1704 'enim
236 1611 285 1672 cst
306 1609 354 1675 vir
374 1627 569 1676 summusv.
588 1609 660 1689 1,56

393 1712 542 1778 etsedeo
564 1713 690 1780 duras
682 1713 744 1778 rani
746 1717 796 1779 tor
818 1717 890 1802 aute
912 1711 995 1778 iores

132 1831 227 1894 quem
248 1815 385 1896 negabat
406 1815 469 1880 ullo
492 1815 552 1882 alio
575 1817 668 1882 modo
690 1816 827 1897 intellegi
849 1835 942 1896 posse
964 1817 1024 1881 nisi
1040 1813 1162 1882 Deliam
1185 1823 1252 1882 tum
1292 1859 1294 1864 ,

133 1935 204 1982 cum
219 1916 271 1982 illa
293 1907 393 1998 elegia
408 1925 646 1999 componeretur
659 1920 723 1984 iam
736 1923 866 1999 nuptam
882 1917 978 2002 luisse
995 1922 1251 2001 concederemus3

131 2039 234 2101 neque
257 2021 439 2103 cuiusquam
461 2023 657 2089 auctoritatis
680 2040 749 2086 esse
772 2039 852 2102 quae
874 2022 1037 2088 Disseuius
1067 2025 1251 2105 protulisset
1310 2065 1312 2069 -
1419 2013 1422 2020 Δ

131 2125 261 2204 opinans
295 2128 420 2204 poetam
454 2125 514 2190 illis
537 2126 638 2190 verbis
672 2123 845 2206 n'gnificare
868 2124 989 2190 Deliam
1023 2146 1123 2208 usque
1157 2127 1197 2192 ad
1220 2128 1252 2191 id

132 2231 256 2320 tempus
285 2246 430 2308 asperam
462 2228 593 2293 necdum
627 2229 686 2294 sibi
713 2234 797 2328 ‘tam
831 2226 953 2293 facilem
987 2249 1080 2311 quam
1115 2236 1251 2311 cuperet,

132 2329 206 2412 quia
228 2330 255 2394 si
276 2330 329 2395 illo
351 2331 418 2396 loco
441 2332 479 2396 do
502 2332 792 2396 animo'dumtaxat
814 2329 930 2395 difficili
952 2336 985 2396 et
1004 2333 1082 2412 duro
1105 2351 1166 2416 quo
1183 2353 1253 2398 esse

80 2453 84 2460 ·
131 2430 233 2496 solent
254 2434 376 2513 puellae
398 2434 493 2498 initiis
516 2435 630 2499 amoris
654 2439 738 2498 esset
760 2452 873 2514 sermo,
897 2434 1156 2501 verisimillimum
1169 2442 1277 2524 esset¹

132 2539 259 2612 poetam
282 2555 343 2600 non
366 2541 431 2601 tam
453 2537 555 2601 obiter
576 2537 657 2622 sicut
677 2536 730 2601 illo
751 2536 819 2602 loco
841 2536 959 2601 factum
981 2543 1067 2602 esset
1088 2557 1160 2603 eum
1182 2547 1253 2620 per·

133 2637 432 2724 stricturumfuisso
461 2659 556 2720 quam
590 2640 740 2704 acerrime
773 2640 1037 2722 impugnaturum.
1057 2694 1059 2700 ,
1082 2642 1263 2730 Ριιιιιιιι
1339 2627 1357 2636 ”

132 2738 234 2820 ipsum
256 2746 382 2822 poetam
404 2743 436 2806 in
470 2742 604 2808 carmine
627 2743 734 2825 quinto
756 2761 848 2807 usum
864 2761 951 2808 esse
984 2744 1087 2810 uerbis
1122 2764 1189 2826 ,per
1221 2750 1253 2810 te

132 2841 238 2909 furtivi
264 2843 392 2909 foedera
414 2844 509 2925 lecti,
542 2845 624 2910 uude
661 2850 840 2926 appareret.
865 2847 1121 2911 consuetudinem
1159 2853 1253 2912 antea

133 2962 317 3022 concessam,
332 2952 400 3011 tum
422 2948 581 3013 turbatam
603 2967 681 3014 esse.
717 2941 813 3038 'Quae
844 2939 941 3014 verba
962 2954 999 3013 ut
1036 2949 1076 3014 ad
1113 2970 1251 3016 amorem

131 3048 349 3114 libertinarum
372 3056 445 3132 apte
469 3050 579 3116 referri
600 3049 856 3133 possenttameu
878 3052 991 3116 nullius
1014 3054 1162 3144 momenti
1184 3072 1253 3118 csse
1341 3131 1343 3136 ¹

132 3152 214 3232 quod
236 3153 398 3218 Disseuius
422 3153 462 3220 ad
484 3159 574 3218 suam
596 3145 785 3218 sententiam
807 3153 995 3219 fulciendam
1018 3152 1147 3236 diuisaet
1169 3156 1252 3221 nullo
1349 3227 1350 3230 ,

3 3269 4 3332 ζ
107 3256 223 3322 vmodo
246 3275 373 3338 sperare
402 3257 543 3337 potuisse
564 3257 719 3322 Tibullum
746 3251 875 3322 'Deliam
908 3275 1015 3321 secum
1047 3276 1101 3323 rus
1137 3258 1253 3323 ituram

131 3377 200 3424 esse
222 3359 326 3440 ibique
348 3360 394 3425 uit
395 3379 445 3424 ιιι
468 3365 706 3440 transacturam
731 3359 805 3440 quia
826 3360 910 3423 idem
933 3359 1040 3440 quod'
1032 3379 1064 3423 m
1096 3359 1134 3428 ιι.
1154 3361 1253 3426 5sibi

131 3462 233 3532 animo
255 3459 388 3544 fingeret
419 3468 513 3544 poeta
535 3463 710 3528 aDeliat
678 3463 773 3527 etiam
795 3462 896 3542 elegia
918 3461 1130 3527 secundat
1075 3467 1130 3543 pet
1131 3462 1251 3544 ivisset,

130 3564 183 3630 ubi
206 3565 337 3631 diceret:
1330 3553 1336 3566 '

283 3668 355 3750 Ipse
377 3670 472 3737 boves
494 3689 566 3736 mea
587 3669 614 3734 si
636 3648 740 3734 tecum
750 3669 853 3734 modo
876 3669 967 3734 Delia
988 3669 1106 3751 possim

283 3767 502 3856 Iungere
440 3781 526 3840 ιιιι
494 3773 639 3839 msolito
607 3778 791 3854 tpasccre
814 3778 919 3838 monte
934 3791 1070 3853 pecus.

216 3874 354 3954 Quodsi
356 3877 405 3941 cui
437 3876 561 3942 dubitat
513 3876 591 3941 ttio
613 3876 791 3941 inhaereret
823 3894 861 3939 ea
897 3876 936 3940 de
959 3895 993 3940 re
1027 3867 1125 3955 quod
1145 3873 1252 3943 mariti

131 3979 252 4052 mentio
271 3999 334 4044 non
355 3978 447 4045 facta·
461 3985 546 4044 esset
567 3980 599 4044 in
632 3978 732 4060 elegia
755 3981 783 4058 5,
817 3978 850 4042 id
882 3978 1016 4058 putabat
1037 3978 1253 4042 Lachmannus
1285 4000 1287 4006 ·

131 4099 170 4146 ea
192 4081 231 4146 de
253 4101 287 4146 re
309 4081 426 4148 factum
450 4101 521 4148 csse
543 4083 627 4164 quod
648 4082 700 4145 ille
723 4081 855 4148 consiliis
879 4081 990 4146 Tibulli
1013 4081 1065 4161 qui
1088 4098 1124 4144 eo
1137 4081 1253 4146 sciente

131 4201 169 4252 ac
190 4186 344 4266 prudente
366 4186 447 4251 iuter
469 4185 639 4270 familiares
672 4188 817 4264 receptus
851 4188 936 4248 essct
968 4199 1166 4264 nequaquam
1201 4184 1253 4249 ob-

131 4292 232 4352 staret
253 4307 310 4353 nec
339 4290 509 4372 quidquam
541 4288 580 4353 de
604 4308 640 4353 eo
673 4287 840 4352 laboraret.
886 4287 1014 4350 Maximi
1047 4292 1153 4352 autem
1187 4306 1253 4352 mo·

132 4391 229 4456 menti
251 4391 318 4457 visa
341 4398 414 4456 sunt
435 4392 501 4458 uiro
524 4391 702 4464 doctissimo
726 4390 787 4454 duo
811 4407 880 4454 esee
903 4396 1088 4472 argumenta
1103 4379 1252 4464 historica

111 4479 172 4558 ¹er
195 4495 232 4561 el.
257 4497 276 4559 2
300 4501 333 4560 et
356 4498 374 4561 5
397 4495 532 4576 repetita
566 4513 698 4575 quarum
726 4511 765 4558 ex
792 4492 893 4558 altera
925 4493 967 4576 (2,
992 4495 1041 4558 67.
1066 4483 1121 4577 68)
1157 4513 1253 4576 appa·
