3022 4982
543 289 796 355 -43-.

13 479 14 484 ’
86 481 168 546 (liras
190 481 255 546 lore
278 499 369 562 paros
392 484 498 561 partes
521 477 642 542 abirent
664 496 796 559 quorum
828 477 881 542 alii
903 497 942 542 ea
963 483 1035 558 post
1067 479 1203 542 carmina
1309 561 1312 564 Ι

84 584 118 648 in
142 583 262 649 Deliam
284 584 400 664 scripta
422 582 474 648 alii
496 586 569 646 ante
590 581 643 645 illa
666 581 836 661 composita
859 599 928 644 esse
949 580 1173 646 iudicaverunt.

173 686 218 752 Ac
239 687 381 752 Dissenio
405 684 530 766 quidem
556 682 694 749 Tibullus
727 689 800 764 post
821 669 929 748 Deliae
964 667 1102 748 aurorem
1136 703 1205 750 cum

85 795 218 856 vacaret
252 775 441 868 melioribus,
488 792 525 852 ut
561 787 605 852 ait
640 788 687 850 vir
727 789 767 868 d.,
802 786 943 852 sensibus
980 791 1037 850 'nec
1072 785 1207 866 puellam

86 891 222 957 haberet
269 892 309 956 ad
345 890 401 957 hos
438 891 544 955 inanes
589 889 679 956 ludos
724 890 846 960 delatus
896 907 965 954 esse
1012 889 1096 954 visus
1144 894 1208 973 est3

87 1014 192 1077 neque
214 995 246 1060 id
267 993 458 1060 Baehrensio
480 992 674 1074 improbatur
695 994 749 1075 qui
770 992 1026 1060 verisimillimum
1046 995 1142 1073 putat
1162 990 1208 1056 le·

86 1096 195 1162 minae
218 1098 304 1179 prius
327 1115 432 1162 amore
448 1102 573 1176 captum
595 1096 691 1161 fuisse
714 1095 867 1160 Tibullum
891 1115 983 1176 quam
1019 1115 1088 1162 cum
1109 1113 1207 1175 puero

85 1193 221 1265 luderet.
266 1199 322 1265 Oui
345 1199 518 1265 sententiae
540 1197 645 1264 favere
667 1199 792 1263 videtur
814 1217 851 1263 ea
879 1217 930 1263 res
964 1199 1047 1280 quod
1069 1198 1207 1268 Tibullus

87 1321 160 1368 cum
182 1303 319 1369 carmina
340 1291 371 1366 iri
393 1302 572 1368 Marathum
594 1302 744 1366 scriberet
772 1321 919 1386 magnum
951 1302 1014 1365 iam
1036 1302 1067 1366 in
1100 1321 1206 1366 amore

65 1425 183 1470 ‚usum
205 1407 329 1471 videtur
349 1405 505 1485 habuisse,
528 1405 560 1468 id
582 1405 666 1485 quod
688 1405 805 1487 optime
827 1405 1013 1485 perspicitur
1045 1423 1084 1470 ex
1120 1405 1207 1470 initio
1312 1447 1315 1454 -
1394 1417 1397 1424 “

88 1499 235 1574 car'minis
258 1509 368 1588 octavi,
392 1508 446 1573 ubi
467 1527 501 1573 sa
524 1527 543 1572 a
565 1508 687 1572 Venere
720 1509 788 1588 ipsa
811 1527 881 1588 ‚non
903 1507 969 1588 sine
1002 1507 1108 1572 multis
1141 1526 1209 1572 ver-

87 1611 227 1677 beribus‘
256 1631 362 1677 amore
383 1611 561 1686 institutum
585 1629 654 1676 esse
676 1610 802 1676 latetur.

175 1749 285 1831 Neque
307 1755 412 1813 tamen
434 1765 472 1814 ea
498 1748 618 1813 ratione
652 1748 790 1813 adducor
822 1753 858 1812 ut
891 1753 998 1829 putem
1031 1748 1071 1810 ad
1104 1753 1209 1827 poste-

89 1851 206 1918 riorem
228 1850 340 1916 Tibulli
363 1857 499 1916 aetatem
526 1851 662 1917 carmina
683 1851 714 1914 in
737 1850 916 1918 Marathum
938 1850 1054 1931 scripta
1070 1868 1139 1914 esse
1162 1869 1210 1916 re·

90 1956 237 2038 ferenda3
267 1955 364 2019 multo
401 1972 470 2019 sum
505 1955 630 2035 pronior
665 1954 697 2018 in
733 1953 920 2018 sententiam
941 1953 1028 2018 nem.
1052 1953 1211 2017 Huebneri

90 2060 146 2142 qui
168 2059 246 2123 haec
270 2057 408 2123 carmina
429 2057 525 2138 priori
547 2057 658 2142 Tibulli
681 2057 777 2122 aetati
805 2057 916 2122 tribuit
948 2075 987 2121 ea
1019 2060 1055 2121 ut
1086 2055 1211 2120 videtur
1303 2085 1308 2097 ·

89 2162 258 2244 praecipue
284 2179 379 2226 causa
400 2165 560 2242 permotus
582 2160 666 2242 quod
688 2160 858 2242 compluria
880 2160 1012 2242 vestigia
1039 2159 1071 2222 in
1092 2158 1140 2223 bis
1165 2159 1210 2223 in-

89 2265 238 2329 veniebat
259 2264 341 2328 unde
365 2268 497 2344 apparet
519 2263 672 2328 Tibullum
694 2264 774 2329 haec
795 2268 956 2328 canentem
984 2262 1088 2343 aliquo
1119 2261 1210 2326 modo

89 2367 249 2432 imitatum
274 2384 359 2430 essse
382 2371 491 2446 poetas
514 2365 776 2443 Alexandrinos.¹)
798 2367 880 2431 Nam
902 2367 960 2430 etsi
973 2364 1127 2430 Tibullum
1149 2383 1210 2431 non
1291 2383 1301 2404 ··

88 2469 202 2535 merito
226 2469 420 2534 contenderis
446 2468 659 2534 Alexandrinis
688 2471 789 2550 poetis
823 2470 867 2533 ita
890 2488 924 2534 se
962 2463 1139 2533 adiunxis'se
1176 2473 1212 2547 ut

91 2572 250 2659 Catullum
275 2576 331 2636 aut
352 2571 548 2652 Propertium
571 2577 676 2637 tamen
703 2560 824 2637 illorum
849 2557 1034 2636 carminibus
1068 2576 1210 2636 accurate

92 2676 238 2741 tractatis
261 2693 297 2739 ao
319 2673 464 2756 perlectis
487 2677 624 2738 animum
646 2694 682 2739 ac
704 2680 839 2739 mentem
862 2693 933 2739 eum
962 2674 1131 2739 excoluisse
1147 2673 1212 2738 veri
1248 2751 1251 2756 y

91 2785 142 2844 est
164 2778 367 2871 sunillimum3
391 2796 488 2858 quare
510 2797 571 2842 non
593 2783 740 2858 putamus
762 2777 853 2842 nimis
887 2796 1001 2842 avero
1034 2795 1090 2841 nos
1123 2777 1212 2842 aber-

90 2901 163 2947 rare
187 2886 362 2946 statuentes
386 2881 523 2966 carmina
540 2881 575 2944 in
597 2880 776 2946 Marathum
798 2881 914 2961 scripta
941 2880 1093 2960 primitias
1115 2879 1211 2943 fuisse

92 2986 159 3050 eius
186 2984 361 3048 studiorum
384 3003 419 3048 ac
441 2988 516 3049 nata
538 3001 608 3048 esse
630 3003 657 3048 a.
682 2983 746 3048 lere
771 2986 828 3048 721
854 2982 982 3048 vellii.
1028 2983 1081 3047 Eis
1105 2987 1210 3048 autem

92 3106 174 3168 quae
196 3087 235 3150 de
258 3086 373 3152 amoris
395 3105 455 3150 usu
477 3087 508 3149 in
538 3086 586 3150 his
614 3087 800 3152 carminibus
823 3086 960 3166 prodidit
991 3105 1053 3151 non
1088 3089 1209 3150 tantam

92 3191 156 3255 vim
178 3190 281 3256 tribuo
305 3194 340 3253 ut
377 3189 550 3254 existimem
573 3209 611 3254 ea
647 3189 749 3270 ipsum
786 3192 947 3268 expertum
985 3207 1054 3253 esse
1091 3206 1212 3270 usuque

94 3294 218 3374 cognita
240 3293 402 3377 habuisse;
424 3293 518 3356 immo
552 3310 755 3373 quaecunque
792 3291 830 3355 de
866 3310 971 3356 amore
1007 3291 1145 3372 prodidit
1180 3296 1213 3355 et

95 3396 319 3478 qualiacunque
342 3395 429 3460 dedit
452 3401 619 3478 praecepta
641 3414 679 3460 ex
701 3385 809 3460 alienis
832 3395 932 3476 magis
955 3413 1050 3477 quom
1083 3413 1122 3458 ex
1154 3410 1215 3458 suc¹

99 3516 158 3564 usu
181 3517 217 3564 ac
238 3499 367 3582 scientia
388 3497 512 3563 videtur
533 3497 683 3564 hausisse.

177 3636 239 3702 Sed
262 3624 297 3702 ut
319 3624 492 3728 extremum
507 3635 623 3701 habeat
644 3634 762 3718 aliquid
783 3636 861 3701 haec
875 3635 1046 3716 disputatio
1070 3634 1210 3699 ordinem

94 3759 157 3821 quo
179 3739 255 3804 mibi
277 3738 423 3805 videntur
442 3738 513 3802 libri
534 3737 625 3819 primi
662 3739 798 3824 carmina
835 3738 1005 3819 composita
1038 3755 1107 3802 esse
1144 3756 1214 3802 con·
1268 3817 1273 3827 Ι

93 3843 232 3908 stituam.
276 3841 387 3923 Itaque
410 3839 546 3905 omnium
567 3841 790 3922 primumputo
806 3842 886 3908 circa
908 3860 939 3906 a·
963 3842 1023 3905 ‘121
1048 3839 1213 3922 velpaullo
1266 3865 1271 3875 ·
1308 3889 1313 3900 .

93 3950 166 4028 post
187 3937 296 4010 natum
319 3961 388 4010 esse
411 3961 535 4009 carmen
562 3943 723 4025 decimum,
754 3963 833 4026 opus
867 3948 951 4010 certe
988 3943 1122 4009 iuvenile
1158 3961 1214 4007 nec

93 4054 201 4136 tamen
222 4049 431 4115 invenustum.
475 4046 607 4112 Secutae
630 4055 703 4114 sunt
730 4048 865 4114 fortasse
902 4047 1013 4113 eodem
1049 4065 1128 4111 anno
1165 4045 1215 4110 vel

97 4150 242 4232 sequenti
265 4150 385 4232 elegiae
417 4149 448 4213 in
471 4146 652 4215 Marathum
688 4152 821 4232 scriptae
858 4145 1038 4233 quassatis
1075 4149 1216 4214 redolent
1281 4215 1284 4222 ,
1331 4215 1333 4222 .

94 4253 236 4319 studium
258 4252 548 4319 Alexandrinorum.
594 4254 683 4320 Anno
707 4255 769 4320 723
791 4260 902 4336 coepta
924 4258 974 4318 est
995 4253 1085 4317 Deba
1117 4251 1218 4316 amari
1273 4345 1277 4352 ἢ

160 4424 183 4493 1)
200 4425 234 4480 el.
263 4439 329 4490 quae
357 4391 512 4488 linebnerus
539 4426 566 4475 in
597 4425 766 4477 adnotatione
798 4425 1033 4491 disputatiunculae
1062 4424 1094 4476 de
1124 4432 1216 4488 quarto

95 4513 330 4567 commenditum
348 4512 527 4579 quee'lagitur
543 4513 633 4566 Herm.
651 4511 718 4564 xlv
735 4529 761 4582 p,
779 4511 829 4566 32⁷
847 4528 885 4578 sq.
905 4511 937 4562 de
954 4511 1003 4562 heo
1030 4526 1058 4562 re
1076 4512 1215 4576 mugetus.
