3022 4982
744 292 950 354 ..22-

291 477 432 569 locarent
455 483 560 544 aratro
584 484 616 544 ct
637 480 752 544 vitibus
776 480 822 544 uti
838 480 945 561 eisque
968 479 1073 542 vinum
1097 476 1244 543 tristitiae
1267 473 1417 540 solacium

292 581 444 662 benignus
478 581 612 660 dederim
631 583 749 665 ¹quibus
773 583 805 646 in
836 569 980 646 laudibus
1018 579 1242 662 persequendis
1271 583 1341 642 ¹tam
1363 576 1418 641 diu

290 689 385 763 poeta
412 691 619 749 commoratus
649 691 698 749 est
731 691 767 749 ot
787 685 942 749 nonnullis
964 684 1038 748 viris
1062 685 1091 748 d.
1116 701 1217 764 aequo
1250 681 1418 762 longiusa
1492 741 1493 744 ,

291 803 414 850 summa
441 785 536 851 *illius
569 788 714 852 carminis
748 787 904 852 sententia
940 787 1099 868 digressus
1138 803 1208 850 esse
1245 783 1414 848 videretur.

290 887 381 951 lllum
403 889 498 970 igitur·
531 891 624 954 demn
646 896 738 955 vocat
759 895 853 971 poeta
886 894 922 953 ut
944 889 1031 954 adsit
1053 894 1085 952 et
1113 887 1309 952 concelebret
1332 884 1417 950 diem

290 991 427 1056 natalem
454 992 617 1057 Messalae.
664 992 700 1057 ln
732 998 871 1057 extremo
900 992 1037 1059 carmine
1058 991 1176 1056 mentio
1200 988 1237 1054 fit
1258 989 1329 1054 viae
1353 988 1417 1052 La-

290 1093 375 1157 tinae
398 1112 418 1157 a
440 1095 577 1159 Messala
610 1114 627 1159 e
660 1094 802 1159 manibiis
826 1095 1018 1177 Aquitanicis
1042 1098 1161 1159 stratae
1195 1091 1416 1172 clauditurque

292 1214 415 1262 carmen
442 1198 522 1262 votis
544 1217 602 1279 pro
626 1198 734 1262 futura
756 1199 903 1264 felicitate
927 1204 959 1263 et
982 1198 1081 1279 gloria
1113 1195 1268 1261 Messalae
1313 1193 1417 1258 factis,

199 1411 202 1419 Ι
376 1334 443 1399 Hoc
458 1334 523 1399 fere
539 1341 588 1401 est
602 1343 820 1418 argumentum
836 1335 955 1417 'elegiae
972 1334 1140 1415 septimae..
1157 1331 1224 1397 lam
1244 1331 1420 1397 considere-

291 1455 437 1517 musque
460 1429 527 1502 iure
549 1457 649 1519 quave
671 1440 784 1504 iniuria
795 1437 961 1528 Teultelius
976 1437 1034 1501 boc
1055 1431 1179 1501 carmen
1189 1434 1420 1517 vituperatione

291 1537 417 1618 dignum
437 1541 603 1620 putaverit.
656 1542 763 1608 Liceat
795 1544 952 1625 igiturea
975 1559 1055 1623 quae
1078 1539 1126 1604 vir
1152 1538 1245 1604 d.‘de
1266 1538 1326 1602 bae
1349 1557 1385 1601 rc
1397 1538 1418 1611 ¹)

204 1691 206 1696 ,
292 1642 446 1721 congessit
468 1642 614 1718 hocloco
637 1645 796 1710 exhibere:

375 1795 452 1859 Eine
485 1816 581 1878 ganne
614 1818 725 1882 mange
747 1820 807 1865 von
830 1756 1056 1894 dingenp‘tiber
1088 1797 1139 1860 die
1161 1815 1196 1860 er
1218 1793 1413 1860 arrsflibrlich
1493 1819 1494 1904 p

290 1896 378 1961 hatte
401 1899 533 1964 bandeln
556 1900 688 1982 kbnnem
711 1904 814 1968 zumal
845 1923 880 1968 er
902 1904 1001 1982 selbst
1014 1977 1024 1996 ,Ι
1040 1901 1138 1964 daran
1171 1899 1418 1980 teilgenommen
1493 1905 1494 1910 ’

291 2000 388 2080 batte,
413 2002 486 2066 uird
521 2022 592 2068 vom
614 2005 734 2070 diebtor
762 2005 1008 2087 aulgcnommem
1025 1997 1143 2084 muger
1164 2000 1333 2066 bebandelt
1354 2000 1422 2063 und

292 2102 365 2167 bald
387 2102 481 2169 fallen
503 2106 661 2188 gelassen3
685 2109 874 2174 schliesslich
901 2110 976 2174 wird
992 2105 1228 2205 halt-,gemacht
1250 2123 1290 2167 an
1317 2103 1423 2166 einem

81 2289 83 2294 Ι
211 2293 214 2299 ¹
290 2209 516 2288 gegenstande,
540 2209 618 2273 iiber
641 2211 700 2275 deu
722 2212 779 2275 mit
809 2212 920 2296 vielem
943 2208 1158 2301 rhetorisclben
1192 2224 1306 2289 pompe
1333 2207 1424 2269 weit-

290 2310 450 2392 schueilig
478 2311 646 2394 gebandelt
674 2315 758 2378 uvird.
803 2315 872 2379 Von
895 2316 951 2379 der
971 2316 1084 2397 langen
1112 2309 1295 2402 qifflession
1321 2306 1425 2372 findet

270 2412 346 2477 ‚der
379 2414 499 2479 dicbter
543 2435 602 2479 nur
624 2413 766 2486 milbsam
809 2417 868 2482 den
903 2437 970 2499 weg
1003 2438 1041 2482 zu
1070 2419 1159 2483 seine.
1214 2410 1424 2494 eigentlicben

258 2568 262 2576 ,
290 2519 502 2598 gegenstande
517 2521 641 2599 norbet,
664 2538 702 2583 zu
728 2520 800 2584 dem
822 2505 856 2585 er
879 2522 957 2586 noch
979 2522 1068 2586 einen
1084 2522 1156 2586 sehr
1195 2516 1301 2580 atalen
1326 2514 1424 2585 nach-

214 2669 217 2676 .
290 2623 362 2700 trag
406 2621 519 2686 macht.
575 2607 661 2686 Danu
705 2623 747 2687 im
781 2624 938 2688 einzelnen
969 2625 1227 2706 ueberludungen
1259 2618 1315 2682 des
1348 2636 1426 2681 aus·

291 2721 405 2787 drucks
429 2725 469 2805 (v.
487 2725 525 2788 13
548 2723 599 2804 lta
618 2725 776 2806 spielende
792 2732 978 2808 gegcnsatze
994 2728 1070 2809 (12),
1086 2728 1276 2794 zueckl·‚ses
1304 2720 1423 2801 pathos

291 2824 346 2908 (44
360 2823 404 2904 t),
424 2828 647 2908 ungescbickte
662 2831 855 2911 uendungen
867 2833 899 2912 (9
921 2828 941 2893 f.
967 2831 1015 2894 13.
1041 2831 1163 2900 15.‚17.
1189 2827 1243 2932 η.
1268 2825 1319 2888 23,
1344 2826 1422 2907 57),
1494 2847 1495 2880 i

290 2927 564 3012 uicderholungen
596 2932 659 3011 (12.
691 2952 721 2997 u.
753 2934 812 3011 lt,
852 2933 901 2998 30.
928 2933 976 2996 33.
1007 2951 1037 2996 u.
1062 2933 1121 3011 46„
1145 2932 1195 2997 40.
1226 2947 1255 2993 u.
1280 2927 1342 3002 43η
1367 2929 1421 2992 44·

167 3097 170 3102 .
291 3051 320 3096 u.
343 3033 418 3114 48),
442 3034 642 3115 prosodisobe
667 3035 779 3100 herten
795 3036 837 3117 (2.
854 3037 905 3102 40.
922 3038 975 3114 9.),
992 3035 1154 3116 entlegene
1170 3029 1425 3118 mythologisebe
1494 3025 1495 3042 ¹

291 3136 515 3218 anspielungen
537 3137 616 3220 (54.)
638 3139 738 3203 neben
759 3139 815 3204 der
837 3138 1061 3204 bedenlilichen
1087 3133 1342 3212 identificierung
1365 3133 1424 3196 des

292 3238 390 3303 Osiris
412 3240 476 3305 und
498 3239 646 3308 Bacchus

326 3441 328 3446 -
379 3393 513 3473 Propter
544 3394 622 3461 baec
639 3396 750 3483 ,igitur
778 3396 860 3466 ,vitia
891 3395 1059 3462 :Teuffelius
1094 3414 1218 3460 cannen
1271 3389 1425 3469 optimum

290 3500 412 3559 tantum
459 3496 570 3563 abesse
617 3499 691 3563 dicit
732 3504 767 3564 ut
802 3499 884 3564 inter
920 3500 1094 3580 posteriora
1143 3516 1179 3562 ac
1226 3517 1269 3579 pe
1303 3493 1425 3557 ectiora
1469 3560 1473 3602 ¹

290 3596 487 3664 referendum
521 3601 563 3666 sit
585 3608 619 3667 ut
652 3608 759 3667 contra
782 3602 919 3666 omnium
951 3602 1086 3682 primum
1118 3602 1268 3682 composit
1298 3609 1426 3662 messe

291 3701 464 3779 putandum
496 3703 546 3768 sit.
591 3707 635 3769 Ac
668 3705 802 3787 primum
824 3705 950 3786 quidem
982 3695 1195 3786 reprehendit¹
1209 3704 1256 3768 vir
1337 3693 1426 3778 quod
1482 3746 1495 3790 ,4

291 3809 459 3885 postquam
493 3808 679 3885 permultas,
696 3797 748 3872 'res
780 3807 902 3873 exiliter
933 3807 1116 3874 tractaverit
1144 3807 1175 3870 in
1206 3826 1269 3872 una
1330 3805 1426 3867 ntum

291 3925 324 3970 rc
347 3911 440 3987 pocta
465 3908 616 3975 subsistat
645 3918 677 3976 et
698 3916 785 3977 totus
806 3910 872 3976 lere
904 3911 1035 3976 haereat
1057 3929 1150 3992 quam
1172 3929 1304 3994 permag
1331 3923 1349 3968 o
1374 3925 1427 3970 or·
1489 3901 1495 3970 l

291 4016 368 4075 natu
390 4010 546 4078 rhetorico
580 4014 719 4080 adhibito
751 4015 869 4096 prolixe
892 4019 1075 4096 prosecutus
1112 4013 1162 4077 sit.
1208 4013 1282 4079 Tale
1333 4005 1367 4023 ''

291 4112 323 4176 in
356 4114 490 4178 carmine
513 4116 672 4198 condendo
694 4097 887 4183 committere
908 4118 1050 4182 iuvenilis
1073 4135 1142 4182 esse
1165 4123 1197 4182 et
1217 4137 1279 4183 non
1302 4139 1319 4184 e
1345 4113 1427 4178 culti
1494 4117 1495 4120 ’

263 4253 266 4258 ,
291 4215 407 4297 ingenii
422 4216 769 4286 Teuffeliuscontendit
790 4221 935 4302 idemque
951 4239 1007 4285 nos
1031 4221 1122 4285 docet
1142 4221 1174 4286 in
1197 4221 1265 4286 aliis
1290 4242 1335 4304 qu
1385 4235 1426 4281 ue

293 4319 479 4386 carminibus
507 4341 587 4403 quae
615 4331 648 4388 et
669 4325 738 4406 ipsa
767 4323 807 4389 ed
828 4324 915 4406 prius
938 4329 1062 4407 tempus
1085 4321 1200 4390 Tibulli
1224 4327 1342 4392 aetatis
1407 4357 1421 4368 ·

359 4490 380 4562 l)
397 4491 414 4548 1.
432 4507 454 4548 ο.
472 4509 498 4560 p.
516 4492 576 4548 ³55.
658 4475 661 4479 Ι
