3022 4982
710 251 1053 382 -,-’3ε;--1

226 537 230 544 .
342 487 389 550 De
404 485 506 567 prima
528 504 564 550 ac
586 485 682 550 tertia
702 486 803 572 elegia
836 505 907 549 mea
928 486 992 550 uel.
1015 503 1053 550 ex
1088 485 1126 550 iis
1164 484 1245 566 quae
1281 501 1381 563 supra

258 589 320 652 dixi
342 589 444 653 elucet
466 587 621 662 sententia
642 605 705 668 qua
727 595 803 669 puto
836 588 921 653 illam
953 589 1136 654 brevissimo
1169 587 1271 668 spatio
1296 590 1379 666 ⁴post

156 697 158 704 '
223 715 226 722 ·
256 692 392 756 reditum
411 689 585 785 ‘Tibulli-ex
608 691 742 774 Corcyra
764 693 803 755 in
832 691 950 770 urbem,
981 691 1069 770 hanc,
1107 692 1139 756 id
1176 690 1259 772 quod
1295 689 1398 752 inter·

258 812 364 858 omnes
387 798 517 877 constat,
551 793 704 876 Corcyrae
738 813 807 866 esse
845 794 1000 875 scriptam.
1029 794 1156 875 ·Neque
1189 793 1290 857 minus
1323 791 1379 855 ab·

259 896 371 961 horreo
395 915 413 959 a
435 890 635 960 Baehrensio'
648 897 678 961 in
717 915 754 961 eo
791 898 874 978 quod
911 897 1043 978 elegiam
1080 897 1248 991 secundam
1281 895 1380 976 priori

182 1003 192 1040 ’·
254 998 375 1064 'amoris
398 998 531 1087 tempori
553 999 675 1074 tribuit„
716 999 798 1064 Nam
820 999 904 1063 nullo
927 1004 1010 1064 certe
1033 1000 1094 1064 alio
1127 998 1220 1064 modo
1242 1003 1377 1078 possunt

259 1093 355 1167 verba
378 1120 468 1180 ‚nova
490 1101 606 1165 limina‘
629 1108 661 1166 et
684 1120 789 1180 ‚novos
813 1103 945 1166 dolores‘
979 1101 1117 1184 intellegi
1149 1101 1208 1166 nisi
1241 1102 1280 1165 de
1313 1120 1380 1164 ma-

260 1204 410 1267 trimonio
426 1203 513 1267 brevi
536 1207 628 1268 antea
651 1223 670 1268 a
691 1204 781 1267 Delia
813 1204 898 1270 inito.
942 1203 1052 1286 Neque
1068 1272 1072 1283 ,
1086 1205 1176 1269 video
1213 1222 1275 1284 quo
1311 1187 1380 1266 iure

191 1355 193 1360 .
258 1306 371 1370 dixerit
392 1305 601 1370 Baehrensius
612 1307 671 1370 hac
683 1306 782 1386 elegia
794 1308 927 1386 primum
938 1313 1065 1388 poetam
1080 1305 1189 1371 Deliae
1202 1306 1381 1370 castitatem

258 1409 428 1472 tentavisse
451 1427 582 1490 eamque
605 1409 664 1473 sibi
686 1408 809 1474 facilem
829 1411 961 1474 reddere
984 1416 1128 1476 conatum
1151 1426 1221 1478 esse
1233 1415 1266 1473 et
1276 1409 1380 1489 ipsum

258 1511 391 1576 tironem
413 1511 585 1592 rudemque
607 1511 703 1576 fuisse
726 1511 793 1576 tuni
830 1512 861 1587 in
891 1513 1058 1577 amoribus.
1085 1512 1248 1577 Potuitne
1270 1530 1382 1576 revera

194 1683 196 1690 ,
257 1613 468 1684 Baehrensius
492 1600 701 1680 credereeum
717 1617 771 1696 qui
793 1622 861 1681 tam
886 1621 1032 1681 accurata
1060 1618 1229 1696 praecepta
1250 1619 1381 1696 tamque

259 1716 373 1782 callida
409 1717 536 1782 consilia
572 1716 669 1784 dabat
705 1718 745 1784 ad
781 1721 930 1785 maritum
967 1717 1135 1784 fallendum
1172 1704 1380 1798 custodesque

259 1817 457 1900 decipiendos
494 1820 617 1890 rudem-
640 1822 803 1892 ctifflntum
853 1822 951 1896 fuisse
988 1809 1148 1886 amorum?
1202 1819 1312 1886 Nonne
1341 1840 1382 1884 en

167 1947 169 1952 2
260 1923 330 2004 ipsa
350 1924 405 1988 ‘ea
446 1941 481 1986 re
517 1923 589 1990 luce
633 1926 745 1992 clarius
788 1931 939 2008 apparet·
965 1925 1027 1989 iam
1070 1925 1265 2006 aliquantum
1301 1928 1382 1988 tem-

259 2025 343 2106 poris
364 2025 521 2090 Tibullum
542 2026 651 2096 Amori
684 2029 829 2096 serviisse
860 2033 892 2092 et
917 2028 1053 2109 peritum
1086 2028 1223 2092 omnium
1248 2027 1382 2092 istarum

258 2129 374 2193 artium
395 2127 490 2210 longa
511 2129 543 2194 in
565 2150 671 2196 amora
693 2132 804 2196 militia
826 2130 943 2196 factum
966 2132 1055 2196 esse?
1077 2130 1123 2195 Ac
1137 2149 1176 2195 ne
1198 2130 1230 2194 id
1252 2129 1381 2211 quidem

257 2231 332 2295 mihi
373 2231 581 2323 persuadetur
617 2234 758 2299 versibus
784 2237 812 2300 9.
838 2237 888 2301 57.
927 2235 967 2298 58
987 2216 1124 2299 certum
1155 2233 1286 2298 rivalem
1318 2251 1382 2297 non

261 2332 438 2414 significari.
481 2331 524 2400 lit
547 2336 751 2404 concedamus
773 2337 844 2416 hoc;
868 2333 1039 2402 tamensi
1061 2336 1136 2417 ipsis
1170 2335 1215 2399 eis
1237 2333 1381 2399 versibus

258 2440 390 2517 apparet
411 2455 481 2502 cum
502 2439 580 2504 haec
601 2439 702 2522 elegia
724 2429 909 2511 conderetur
929 2438 1023 2504 fidem
1045 2438 1153 2530 Deliae
1175 2441 1290 2518 poetae
1315 2436 1381 2502 iarn

259 2544 438 2620 suspectam
459 2540 564 2607 fuisse.

344 2642 406 2708 Sed
427 2644 521 2708 redeo
544 2645 584 2709 ad
607 2645 790 2712 Baehreusii
822 2646 1007 2711 sententiam
1041 2643 1262 2724 explicandam.
1305 2642 1381 2706 Illas

260 2751 324 2810 tres
347 2746 462 2827 elegias
485 2747 524 2810 de
547 2747 659 2828 quibus
683 2749 784 2813 adhuc
806 2749 868 2828 dixi
891 2767 952 2812 uno
974 2765 1103 2827 corpore
1138 2746 1380 2826 comprehensas
1422 2773 1425 2780 ·

261 2849 324 2913 iam
342 2854 419 2912 ante
442 2867 468 2914 a.
496 2851 558 2912 726
580 2850 611 2914 in
643 2850 744 2916 lucem
777 2830 878 2915 editas
912 2869 981 2914 esse
1003 2849 1212 2914 Baehrensius
1250 2848 1382 2912 coniecit

259 2969 296 3013 ex
317 2950 385 3015 loco
407 2952 542 3031 quodam
565 2951 715 3018 Ouidiano
738 2953 822 3030 (trist
843 2953 890 3018 ΙΙΙ
912 2954 986 3027 463)
1009 2954 1062 3034 qui
1084 2957 1134 3016 est
1224 3013 1225 3016 ,
1260 3026 1264 3034 Ι

599 3137 602 3142 ⁴
888 3056 1064 3137 legiturque
1086 3055 1225 3119 Tibullus

314 3177 316 3182 ·
412 3157 455 3222 Et
477 3157 579 3238 placet
601 3163 633 3222 et
655 3159 717 3238 iam
740 3165 772 3224 te
794 3159 931 3239 principe
955 3163 1047 3222 notus
1071 3151 1140 3222 erat

262 3260 467 3326 Octavianum
477 3280 589 3325 nomen
600 3262 747 3342 principis
765 3281 792 3326 a.
802 3264 863 3326 726
875 3261 934 3326 sibi
943 3261 1092 3326 indidisse
1104 3261 1184 3324 inter
1196 3277 1301 3324 omncs
1310 3276 1384 3321 con-

260 3351 333 3458 stat.
357 3363 530 3430 Illo-autern
541 3365 609 3430 loco
621 3385 659 3429 ex
670 3365 914 3431 tristibuscitato
921 3364 1048 3429 Ovidius
1056 3363 1183 3444 respicit
1196 3359 1307 3424 Tibulli
1320 3359 1384 3425 ele-

244 3517 247 3523 .
260 3466 328 3546 gias
337 3467 369 3530 in
380 3467 501 3532 Deliam
513 3469 644 3548 scriptas
657 3487 693 3534 ac
702 3469 869 3549 praecipue
881 3455 936 3532 eas
948 3467 1059 3549 quibus
1071 3465 1242 3547 flagitiosos
1255 3482 1381 3528 amores

261 3569 410 3633 docuerat
431 3561 561 3634 feminas
577 3576 700 3650 nuptas
713 3571 840 3652 idquod
852 3569 888 3636 fit
909 3571 1048 3652 inprimis
1071 3569 1101 3632 in
1114 3567 1214 3648 elegia
1226 3567 1382 3648 secunda3

159 3687 161 3690 ’
261 3676 345 3735 recte
367 3671 463 3752 igitur
486 3672 610 3753 collegit
623 3672 833 3750 Baehrensius
856 3693 926 3740 eam
942 3678 1014 3740 ante
1037 3672 1152 3744 alib
1174 3665 1289 3752 publici
1304 3670 1382 3734 iuris
1402 3697 1406 3704 ·

260 3772 376 3838 factam
399 3791 477 3838 esse.
523 3773 667 3840 sednon
689 3776 779 3844 uideo
803 3797 858 3844 cur
878 3797 940 3844 non
966 3781 1056 3841 sexta
1090 3792 1214 3857 quoque
1247 3772 1383 3854 elegiam

262 3875 347 3942 euius
369 3876 541 3956 permultos
575 3896 684 3944 versus
721 3879 832 3946 iisdem
867 3879 933 3946 fere
966 3879 1069 3946 verbis
1106 3877 1218 3960 quibus
1241 3874 1382 3940 libullus

241 3981 336 4042 'usus
358 3983 429 4043 crat
450 3978 579 4045 Ovidius
600 3981 632 4044 in
655 3998 747 4048 suum
769 4001 894 4048 carmen
916 3981 1077 4048 transtulit
1098 3984 1171 4044 ante
1195 3997 1222 4044 a.
1241 3978 1302 4043 726
1325 3997 1381 4044 na-

262 4086 327 4146 tam
350 4081 665 4156 esseexistimemus.
708 4083 791 4149 Nam
813 4104 885 4152 mea
905 4085 1030 4167 quidem
1054 4081 1197 4164 opinione
1223 4080 1289 4147 'hoc
1312 4089 1383 4147 erat

262 4183 422 4264 consilinm
445 4170 515 4272 cum
535 4181 623 4250 illum
645 4179 747 4252 locum
768 4188 919 4266 scriberet
941 4185 1042 4254 Ouidii
1064 4181 1101 4251 ut
1122 4186 1154 4250 id
1170 4202 1304 4250 carmenw
1318 4204 1381 4268 quo

261 4284 400 4352 libullus
421 4287 452 4352 in
475 4288 612 4356 omnium
633 4307 742 4362 manus
765 4294 895 4357 venerat
925 4290 958 4355 in
993 4289 1176 4355 memoriam
1211 4286 1384 4370 legentium
1454 4297 1457 4302 '

261 4393 430 4455 reuocaret.
474 4390 542 4457 Iam
553 4410 623 4457 cum
637 4393 717 4458 senti
729 4393 872 4459 carminis
884 4412 1028 4478 magnam
1040 4396 1163 4475 partem
1186 4391 1227 4455 ad
1250 4391 1381 4457 verbum

263 4510 444 4578 expressam
466 4495 594 4562 carmini
615 4513 673 4562 suo
694 4496 862 4563 inseruerit
882 4497 958 4564 milri
991 4496 1115 4580 quidem
1152 4512 1216 4560 non
1252 4494 1381 4562 dubium
