3022 4982
743 303 778 346 ..’
825 290 948 364 34'..

284 489 369 548 reret
389 483 442 549 illo
465 481 529 567 quo‘
549 477 671 550 carmen
694 487 863 552 secundum
897 488 1082 552 conderetur
1114 491 1254 570 tempore
1287 488 1402 560 bellum
1456 473 1459 482 ’

289 606 308 650 a
329 587 467 676 Messala
490 589 521 653 iu
544 587 651 653 Cicilia
673 589 990 670 geraudumnondum
1013 589 1184 655 confectum
1205 610 1287 676 esse,
1303 593 1403 657 ultera

282 689 331 753 his
368 687 471 755 verbis
485 691 596 774 ·(5‚31)
619 691 688 771 ,huc
710 692 814 756 veniet
824 691 961 757 Messala
972 695 1071 756 meus‘
1094 693 1220 758 doceret
1233 695 1401 760 Messalam

283 800 339 859 aut
366 794 429 859 iam
448 792 589 858 rediisse
623 800 678 857 ιιιι
710 795 891 875 propediem
923 796 1088 876 expectari.
1124 831 1166 847 -
1198 798 1296 862 Recta
1329 803 1402 862 sunt

284 916 364 978 quae
386 896 435 960 vir
456 897 484 961 d.
510 896 557 960 de'
576 902 715 977 tempore
752 897 871 978 elegiae
908 898 1066 963 secundae·
1099 899 1285 980 disputavit3
1323 901 1401 966 haec

282 1005 366 1064 certe
387 999 498 1081 perid
520 1003 644 1080 tempus
667 1019 728 1080 quo
751 999 888 1064 Messala
909 1019 1037 1066 munere
1059 1003 1271 1082 proconsulari
1293 1002 1401 1086 funge-

228 1099 230 1105 ‘
279 1102 590 1185 batur-(724-725)
612 1106 688 1167 nata
720 1108 782 1182 est3
816 1103 872 1167 sed
894 1103 995 1168 minus
1017 1109 1102 1170 recte
1134 1105 1282 1170 disseruit
1302 1105 1401 1170 Lach-

282 1222 414 1271 mannus
448 1205 487 1269 de
510 1203 615 1270 verbis
649 1203 719 1280 ,huc
751 1205 856 1269 veniet
877 1203 1025 1272 Messala‘
1059 1206 1232 1288 exquibus
1254 1207 1329 1273 ιιιιιιι
1361 1209 1399 1274 de
1467 1209 1471 1218 '

281 1315 421 1390 tempore
443 1306 535 1376 huius
558 1307 702 1372 conuiuis
725 1307 864 1374 concludi
885 1313 1052 1389 potest.

320 1411 410 1476 Ac
440 1429 480 1476 ne
502 1410 539 1475 iis
568 1410 702 1491 quidem
715 1409 832 1476 verbis
850 1428 931 1493 quae
964 1416 1074 1480 sunt—1
1079 1399 1183 1496 ,56,
1187 1401 1283 1479 durae
1304 1413 1397 1480 fores'

281 1519 405 1580 tantam
427 1513 490 1579 vim
522 1512 562 1577 ad
595 1531 662 1578 rem
694 1513 925 1580 diiudicandum
955 1531 1026 1580 esse
1054 1533 1165 1582 censeo
1187 1519 1369 1598 quautam
1360 1519 1398 1584 ris
1493 1505 1494 1510 ¹

229 1615 232 1620 ’
278 1616 389 1683 tribuit
408 1615 631 1682 Lachmanuus
679 1615 780 1694 Quid?
802 1635 841 1681 ex
863 1635 901 1682 eo
922 1635 1016 1682 versu
1037 1618 1103 1684 solo
1127 1618 1180 1700 qui
1202 1625 1252 1684 est

335 1717 339 1726 '
532 1715 575 1783 Et
596 1718 691 1785 se'deo
713 1720 808 1784 duras
830 1717 946 1785 ianitor
967 1725 1040 1785 aute
1062 1720 1145 1786 fores

245 1839 246 1844 ’
282 1829 367 1914 recte
401 1816 590 1904 quemquam
623 1822 767 1904 colligere
801 1841 876 1886 num
897 1828 933 1887 tu
966 1822 1128 1889 arbitraris
1162 1826 1221 1891 uisi
1253 1826 1397 1907 opinione

107 1913 113 1928 '
192 1986 196 1995 ,
278 1929 481 2008 praesumpta
448 1926 554 1990 atd
576 1923 642 1990 reni
675 1924 843 2006 accesseris
865 1925 988 1991 Deliam
1011 1945 1080 1990 cum
1114 1927 1239 1994 carmen
1260 1931 1396 2011 primum

271 2034 514 2110 'componeretur
545 2028 609 2092 iarn
641 2034 772 2109 nuptam
804 2027 924 2093 fuisse?
955 2029 1065 2094 Nonne
1098 2029 1157 2095 hae
1191 2032 1289 2096 diuae
1312 2032 1396 2098 forc's
1494 2085 1495 2114 ι

275 2132 385 2199 eodem
406 2131 473 2204 iure
496 2132 534 2196 de
556 2132 646 2195 Delia
668 2132 798 2211 innupta
819 2129 957 2213 intellegi
979 2139 1111 2212 possunt
1132 2151 1213 2214 quae
1237 2136 1395 2215 qualibus-

267 2254 398 2316 cunque
422 2234 523 2300 uausis
546 2240 686 2314 permota
711 2234 843 2313 amatori
865 2235 990 2299 ianuam
1014 2235 1191 2300 clauserat?
1213 2235 1283 2312 Non
1305 2238 1397 2302 multi

276 2340 335 2405 loci
368 2340 399 2403 in
432 2337 500 2414 aliis
535 2356 658 2420 quoque
692 2337 793 2417 poetis
811 2324 971 2418 ¹elegiacis
1003 2338 1212 2424 inueniuntur!
1233 2349 1324 2422 (quos
1346 2343 1398 2407 hio

275 2459 457 2508 enumerare
477 2440 604 2522 longum
627 2440 753 2520 est)ubi
775 2440 868 2504 ianua
890 2445 1014 2506 amatae
1035 2441 1158 2522 puellae
1188 2443 1293 2508 clausa
1316 2445 1397 2510 dura

239 2591 242 2598 -
276 2545 451 2626 appelletur
474 2560 493 2609 a
515 2544 615 2624 poetis
639 2549 711 2608 ante
734 2529 859 2608 domum
875 2545 1050 2609 stantibus?
1073 2541 1180 2610 Liceat
1201 2547 1276 2610 mihi
1297 2567 1396 2613 uuum

271 2653 395 2713 tautum
417 2646 528 2712 afferre
538 2650 559 2721 ¹)
1017 2636 1020 2644 ’

441 2751 558 2827 „lanua
569 2749 630 2813 ‘vel
646 2749 777 2814 'domina
797 2750 922 2829 penitus
935 2749 1088 2816 crudelior
1104 2752 1188 2834 ipsa,-

437 2853 517 2930 Quid
539 2853 614 2917 mihi
635 2857 700 2916 tam
723 2852 809 2916 duris
831 2852 972 2930 clausat
958 2859 1043 2919 taces
1065 2853 1224 2920 foribus?“

221 3003 225 3011 .
273 2953 326 3020 ubi
348 2957 440 3037 plane
473 2951 666 3037 perspicitur
690 2957 815 3064 ianuam
838 2955 949 3020 duram
978 2958 1120 3038 appellat
1121 2975 1172 3022 am
1206 2977 1275 3023 esso
1308 2962 1395 3040 quod

179 3055 181 3062 '
273 3059 380 3124 clausa
402 3064 483 3134 erat

238 3210 241 3216 ,
357 3157 467 3245 Neque
501 3162 626 3251 gravius
660 3167 709 3226 est
695 3157 816 3226 taliud
849 3159 1067 3245 argumentum
1089 3179 1150 3246 quo
1172 3163 1393 3233 Lachmannus

272 3263 459 3331 senteutiam
493 3284 582 3330 suam
616 3264 748 3330 stabiliri
781 3261 959 3332 arbitratur.
1004 3268 1077 3332 Mea
1099 3268 1224 3349 quidem
1247 3269 1393 3350 opinione

271 3383 332 3434 non
354 3375 440 3436 recte
462 3370 510 3435 vir
531 3385 670 3434 summus
693 3365 841 3433 iudicavit
856 3367 1004 3435 furtivum
1027 3387 1164 3436 amorem
1187 3391 1249 3452 quo
1265 3390 1393 3438 carmen
1487 3363 1493 3382 '

176 3521 181 3538 .
271 3473 322 3553 ιι
344 3479 439 3553 poeta
454 3473 528 3538 dicit
550 3491 584 3537 se
609 3491 678 3537 cum
694 3471 784 3536 Delia
807 3472 1003 3538 coniunctum
1025 3473 1121 3538 luisse
1143 3475 1195 3539 illo
1217 3475 1284 3540 loeo
1306 3475 1392 3541 idem

271 3595 341 3648 esse
374 3581 468 3658 atque
502 3593 639 3641 amorem
674 3576 840 3641 scelestum
873 3581 906 3640 et
937 3577 1157 3643 inconcessum.
1213 3577 1295 3643 Nam
1329 3598 1391 3644 vox
1492 3607 1493 3610 ¹

270 3679 424 3761 ,ιιιιιιιίιιι
440 3683 516 3744 'cum
531 3683 640 3760 aptum
662 3671 822 3759 epitheton
836 3681 878 3746 sit
900 3679 1014 3744 amoris
1014 3679 1090 3768 qui
1112 3698 1163 3745 res
1177 3680 1390 3746 clandestinas
1443 3763 1446 3768 Ι

266 3789 345 3865 agat
365 3801 422 3852 uec
443 3782 548 3863 palam
563 3781 673 3861 .iactet,
708 3786 773 3847 tum
807 3783 935 3860 summis
958 3783 1025 3847 eius
1040 3781 1162 3864 gaudiis
1185 3788 1240 3865 opt
1240 3783 1301 3848 ime
1317 3803 1390 3850 cou-
1492 3823 1493 3828 =

269 3886 353 3952 veuit
378 3889 459 3966 quae
481 3885 560 3950 olam
575 3865 748 3949 omnibus
740 3904 771 3949 ιιι
792 3875 929 3950 tenebris
944 3886 1061 3966 percipi
1082 3887 1196 3951 solent·
1189 3885 1336 3966 ‚illot
1280 3891 1336 3950 aut
1337 3905 1388 3952 em
1492 3879 1493 3900 ¹

137 3978 140 3986 ¹
185 4057 187 4064 ,
250 3988 334 4055 'loco
357 3989 423 4053 siue
445 3988 539 4054 dnbio
561 3992 655 4068 poeta
678 3987 780 4104 cogita
761 3990 864 4053 atde
886 3988 946 4052 illis
974 3989 1103 4053 summis
1126 3977 1248 4088 gaudiis
1271 3989 1386 4070 quibus

154 4173 157 4182 Ι
267 4097 356 4158 noete
378 4087 504 4157 favente
537 4089 731 4156 fructust
690 4089 743 4155 sit·
737 4109 865 4186 ,quare
887 4089 954 4155 fieri
986 4110 1048 4156 non
1080 4110 1120 4172 po
1123 4096 1262 4168 testut
1227 4091 1388 4157 ιιιιιιιιι

266 4193 362 4260 verba
384 4193 557 4259 Tibulliaua
590 4194 776 4275 accipiamus
799 4199 908 4276 atque:
931 4213 1062 4288 quaeso
1090 4213 1148 4275 per
1169 4213 1225 4259 nos
1227 4200 1310 4259 tram
1332 4205 1397 4262 ιιι-’-

264 4294 419 4380 luptatem
441 4297 672 4377 clandestinam
696 4297 715 4363 i.
739 4316 776 4378 a,
815 4317 885 4379 qua
910 4297 1066 4363 clamt
1017 4301 1066 4362 cet
1067 4298 1128 4362 eris
1151 4295 1242 4361 fructi
1266 4316 1384 4378 sitinus,

265 4415 325 4467 non
348 4409 443 4482 quam
466 4405 585 4467 ceteros
608 4399 708 4465 celare
730 4400 941 4466 debebamus‘
1019 4471 1022 4478 ,

275 4533 279 4544 ·
333 4509 354 4573 l)
371 4506 491 4590 Propert,
510 4505 532 4569 l,
551 4504 591 4567 16,
612 4504 719 4562 lr-ra.
