3022 4982
698 297 911 362 ..13-

246 489 385 554 oratione
420 487 502 551 inter
537 505 572 550 sc
593 484 716 552 differre
733 543 735 548 .
750 490 786 549 ut
808 505 845 549 ex
879 485 927 550 his
950 485 1072 550 11111111
1095 487 1171 552 ordo
1192 491 1276 552 recte
1300 505 1370 552 eou-

244 592 435 657 st'tueretur.

328 745 415 823 Quae
438 745 564 809 1111111
586 749 692 809 essent
714 749 819 808 tamen
842 742 1008 808 Teuffelius
1021 746 1042 820 ¹)
1055 743 1086 807 in
1110 743 1296 808 carminibus
1319 744 1369 808 Ti-

242 850 375 914 bullanis
399 847 577 912 ordinandis
592 865 654 912 non
668 846 786 911 veritus
809 851 857 910 est
879 846 938 911 hac
953 846 1073 910 ratione
1096 865 1133 910 ac
1154 847 1205 912 via
1219 847 1368 928 progredi

218 945 330 1048 'quod
365 931 482 1033 quanto
518 950 704 1014 detrimento
738 949 786 1012 vir
804 949 847 1013 ·d.
883 947 992 1013 iecerit
1023 949 1366 1028 nuno'consideremus.

138 1110 141 1116 .
244 1055 406 1132 Proiectus
422 1053 518 1134 igitur
540 1052 760 1134 apanegyrico
794 1051 825 1115 in
840 1051 1008 1116 Messalam
1025 1050 1119 1116 misso
1136 1071 1227 1132 quem
1244 1052 1369 1132 quidem

245 1163 339 1241 putat
361 1175 439 1238 opus
462 1156 594 1221 iuvenile
621 1159 759 1224 attamen
782 1173 854 1219 vere
870 1154 1076 1218 Tibullianum
1098 1173 1154 1218 nec
1176 1173 1236 1218 non
1256 1154 1370 1218 summi

203 1296 206 1301 ·
249 1261 401 1328 momenti
424 1277 493 1323 esse
526 1259 557 1322 in
579 1258 644 1322 vita
666 1256 777 1322 Tibulli
810 1262 894 1322 recte
918 1256 1121 1324 describenda
1143 1262 1207 1321 tres
1229 1257 1371 1337 distinxit
1450 1305 1451 1312 a

143 1371 146 1377 “
243 1366 362 1448 gradus
386 1362 497 1444 quibus
531 1367 625 1443 poeta
658 1361 698 1425 ad
732 1380 885 1425 summam
918 1358 1141 1440 perfectionem
1173 1360 1367 1424 ascendisset

243 1485 412 1549 eorumque
435 1466 536 1546 primo
559 1464 668 1528 tribuit
689 1463 911 1545 panegyricum
934 1463 1036 1544 ipsum
1060 1467 1099 1527 et·
1115 1463 1247 1544 elegiam
1270 1463 1367 1542 septi-

241 1588 333 1651 mam,
367 1569 501 1634 secundo
535 1567 672 1631 carmina
704 1567 736 1632 in
769 1566 948 1630 Marathum
982 1566 1099 1646 scripta
1134 1571 1167 1631 et
1200 1565 1364 1644 decimum,

241 1675 336 1740 tertio
361 1689 502 1752 eaquae
530 1671 561 1734 11
585 1688 690 1733 amore
713 1669 821 1734 Deliae
845 1673 1021 1734 versantur.
1067 1669 1241 1749 septimam
1268 1668 1367 1750 igitur

241 1778 372 1859 elegiam
406 1776 538 1856 primam
573 1773 709 1838 omnium
732 1791 811 1854 quas
846 1774 983 1837 continet
1002 1771 1094 1836 'liber
1128 1771 1247 1852 primns
1281 1790 1366 1836 com-

240 1882 377 1963 positum
400 1896 468 1943 esse
501 1877 626 1941 indicat.
672 1876 753 1940 Nam
786 1876 896 1939 iisdem
919 1874 985 1940 fere
1008 1874 1092 1940 vitiis
1126 1893 1195 1938 carn
1218 1873 1364 1938 laborare

209 1969 211 1972 ⁵
243 1985 355 2068 quibus
378 1981 598 2063 panegyricum
621 1979 653 2042 id
675 1979 758 2060 quod
780 1979 887 2042 multis
910 1977 1012 2043 causis
1035 1976 1138 2043 allatis
1162 1977 1365 2058 comprobare

240 2089 361 2152 studuit
386 2084 569 2164 dequibus
602 2101 671 2146 cum
694 2082 844 2162 quaestio
870 2082 911 2146 ad
945 2081 1078 2163 elegiam
1101 2081 1279 2162 septimam
1314 2071 1365 2144 11-

234 2191 373 2256 curatius
385 2185 631 2269 perspiciendam
643 2185 820 2264 pervenerit
836 2185 976 2264 pluribus
989 2184 1151 2249 disseram.
1199 2185 1278 2248 Post
1292 2202 1364 2248 earn

240 2293 412 2375 composita
434 2290 579 2366 videntur
601 2287 755 2352 Teuffelio.
770 2288 907 2352 carmina
929 2288 961 2351 iu
983 2288 1162 2352 Marathum
1186 2287 1303 2366 scripta
1330 2291 1365 2350 et

243 2399 345 2479 elegia
379 2394 501 2459 decima
534 2409 613 2472 quae
637 2391 762 2473 quidem
794 2410 855 2454 non
876 2391 1017 2455 omnibus
1048 2391 1184 2455 numeris
1218 2389 1365 2454 absoluta

240 2503 311 2580 sint,
346 2497 534 2579 panegyrico
571 2499 677 2558 tamen
704 2499 736 2558 et
759 2494 878 2576 elegiae
902 2494 1054 2574 septimae
1072 2493 1300 2574 compositione
1329 2497 1364 2556 et

240 2604 379 2690 oratione
396 2600 590 2681 aliquantum
614 2597 807 2676 antecedant.
853 2596 922 2674 Qua
937 2597 1208 2678 argumentatione
1222 2597 1364 2677 quando·

238 2707 363 2789 quidem
385 2702 521 2767 dubitari
544 2721 604 2765 non
627 2704 733 2780 potest
754 2701 828 2780 quin
851 2699 951 2781 elegia
974 2700 1107 2780 septima
1131 2719 1160 2764 a.
1186 2701 1255 2764 727.
1280 2719 1363 2763 corn-

239 2809 344 2891 posita
365 2807 406 2872 sit
433 2811 563 2870 coactns
586 2809 634 2867 est
656 2803 704 2866 vir
726 2803 755 2866 d.
779 2808 814 2865 ut
842 2802 955 2866 bellurn
979 2803 1137 2883 quoddam
1166 2802 1363 2884 excogitaret

238 2914 278 2977 ad
301 2910 383 2994 qnod
417 2908 517 2989 elegia
531 2906 664 2970 decima
697 2910 770 2985 apte
802 2904 973 2974 referatur„
1012 2906 1130 2971 Statuit
1161 2905 1257 2986 igitur
1279 2925 1361 2970 anno

238 3016 303 3080 fere
324 3015 387 3098 Ι729
410 3010 530 3075 Tibullo
553 3009 689 3073 eundum
716 3007 812 3071 fuisse
834 3026 994 3072 unacum
1015 2991 1153 3073 Messala
1182 3008 1222 3072 ad
1244 3008 1361 3072 bellurn

168 3125 169 3128 ’
238 3120 269 3184 11
292 3117 368 3182 Asia
396 3114 567 3196 gerendum
594 3131 687 3192 quam
712 3111 837 3192 quidem
860 3112 1048 3177 sententiam
1072 3111 1164 3177 certis
1186 3111 1361 3176 rationibus

239 3221 343 3286 omisit
365 3217 512 3283 stabilire.
558 3216 646 3280 ldem
668 3215 719 3278 ille
741 3214 825 3278 nullo
849 3220 975 3302 auctore
998 3215 1113 3280 asserit
1135 3215 1215 3279 eirca
1244 3233 1271 3278 1.
1298 3215 1362 3278 130

206 3352 208 3356 ·
238 3323 391 3388 Tibullum
414 3321 528 3384 iterum
542 3319 711 3383 Messalam
733 3319 765 3382 in
787 3318 902 3382 bellum
918 3319 1099 3383 comitatum
1122 3337 1191 3382 esse
1214 3317 1254 3380 ad
1276 3317 1361 3396 quod

238 3427 337 3492 refert
369 3423 501 3505 elegiam
531 3423 665 3502 primam
694 3441 730 3486 ac
752 3421 888 3487 tertiam.
935 3419 1021 3498 Quae
1049 3420 1152 3511 omnia
1174 3424 1257 3485 certe
1279 3420 1361 3486 salso

241 3532 401 3610 disputata
424 3532 504 3591 sunt.
550 3525 644 3589 Nulla
678 3525 758 3588 enim
787 3513 908 3590 ratione
931 3525 1031 3590 evinci
1061 3530 1167 3606 potest
1189 3523 1360 3589 Messalam

241 3639 315 3716 post
338 3629 528 3710 tnunphum
553 3647 581 3692 a.
607 3629 666 3718 127
694 3634 797 3693 aetum
822 3627 896 3691 alibi
918 3633 1140 3710 praeterquam
1162 3626 1281 3692 Romae
1309 3629 1359 3692 vel

240 3739 271 3801 in
307 3734 435 3817 praedio
473 3749 530 3795 suo
567 3736 726 3796 versatum
760 3749 842 3810 esse;
877 3732 971 3796 immo
1003 3732 1074 3796 inde
1108 3733 1147 3796 ab
1181 3752 1261 3798 anno
1296 3735 1359 3798 727

237 3839 375 3904 Messala
398 3856 417 3900 a
439 3833 727 3915 publicisnegotiis
749 3853 878 3915 prorsus
901 3833 1089 3920 abstinuisse
1115 3838 1272 3916 putandus
1296 3841 1357 3916 est;

149 3999 162 4020 „
237 3945 268 4012 id
290 3941 374 4024 quod
396 3940 445 4004 vel
468 3938 539 4001 inde
561 3935 734 4000 luculenter
762 3942 894 4017 apparet
916 3938 1000 4017 quod
1022 3954 1134 4002 munus
1161 3939 1218 4004 sibi
1242 3959 1269 4005 1,
1295 3941 1359 4007 728

236 4041 275 4112 ab
298 4047 440 4126 Arrgusto
463 4040 685 4107 demandatum
708 4058 802 4121 quam
825 4040 954 4104 dicimus
978 4041 1063 4105 urbis
1094 4040 1359 4125 praefecturaml)

237 4156 328 4215 sexto
351 4148 413 4210 iarn
437 4145 487 4209 die
510 4143 664 4225 deposuit.
712 4143 780 4220 Quo
808 4143 996 4224 magistratu
1029 4163 1066 4207 ex
1089 4143 1196 4208 Dionis
1225 4143 1359 4228 11111113)

125 4277 127 4282 “
233 4277 435 4299 ’‘-A

300 4341 321 4404 1)
338 4334 412 4391 stud,
430 4332 587 4386 1111111111,
606 4349 622 4396 p
650 4329 701 4385 352
719 4347 757 4395 sq,

239 4441 242 4448 ·
297 4421 321 4490 2)
341 4422 373 4476 11,
392 4419 455 4473 Τ11.
475 4433 536 4473 111,
556 4417 633 4475 vnn.

296 4511 321 4575 3)
340 4506 432 4556 XLIX
451 4505 492 4567 lt,
510 4503 576 4566 L1‚3.
