3022 4982
619 267 802 380 ..-5¹-

150 503 272 582 puellae
285 502 644 584 imaginemcogitatione
660 501 891 582 montoqnesibi
904 501 1272 581 elfimissonobisquere-

151 605 409 683 praesentavisse.
456 604 538 669 Satis
550 604 645 668 babet
658 605 704 668 vir
715 605 743 668 (1.
761 605 875 668 dixisse
891 605 1131 684 unumquodque
1148 622 1271 666 carmen

150 707 355 773 Tibullianum
368 725 447 788 opus
469 726 526 788 per
537 726 570 771 so
586 706 758 788 perlectum
770 713 806 771 et
817 707 995 772 absolutrun
1008 725 1076 770 esse
1089 710 1122 770 et
1135 705 1272 769 affirma-

150 808 231 874 visse
239 809 297 873 sibi
310 828 567 898 essopersuasum
576 809 993 890 omniaearminalibriprimi
1004 814 1078 873 nata
1087 827 1189 873 ossea.
1200 811 1268 872 725.

236 913 334 988 Quem
357 913 384 976 si
407 931 574 992 secpremur
595 913 719 976 videtur
740 913 828 976 nobis
858 913 897 976 ab
925 913 1032 976 ordine
1056 911 1271 976 constituendo

149 1015 516 1098 prorsusdesisteudum
538 1033 616 1079 esse.
663 1014 875 1079 Concedamus
899 1015 1034 1078 Leonem
1067 1020 1195 1094 proptor
1218 1033 1272 1078 va-

152 1116 299 1180 rietatem
322 1117 463 1181 ordinum
487 1117 603 1181 oriris
626 1118 654 1180 d.
678 1118 917 1181 constitutorum
941 1136 997 1181 suo
1026 1113 1092 1181 iur'c
1125 1115 1271 1180 arbitrari

151 1219 211 1282 sibi
233 1219 334 1284 visum
357 1238 426 1284 esse
450 1220 586 1284 rationes
609 1219 710 1283 adbuc
733 1205 825 1284 initas
848 1218 943 1283 falsas
967 1238 1050 1298 osse3
1085 1220 1140 1283 sed
1164 1224 1270 1283 tamen

149 1340 211 1385 uon
235 1321 465 1401 desperandum
487 1323 623 1401 videtum
640 1323 735 1386 immo
751 1322 897 1403 quoniam
920 1319 1018 1386 Leoni
1038 1341 1161 1404 quoque
1188 1323 1272 1403 quod

149 1443 275 1488 carmen
297 1425 536 1506 excogitatione
552 1431 664 1505 poetae
688 1425 799 1506 entonis
822 1425 908 1505 prius
933 1430 1018 1489 esset
1043 1425 1271 1506 respiciendum

148 1532 231 1606 orat,
255 1545 403 1591 conemur
425 1529 450 1592 si
473 1528 659 1592 testimoniis
682 1527 838 1592 historicis
854 1527 967 1592 iterum
983 1529 1145 1608 perpensis
1167 1533 1200 1591 et
1223 1523 1286 1592 ar·¹

148 1629 305 1710 gumentis
328 1630 498 1694 carminum
522 1630 687 1711 diligenter
710 1631 914 1694 consideratis
927 1630 1118 1710 probabilem
1132 1630 1272 1695 ordinem

148 1731 338 1795 constituere
360 1733 523 1812 possimus.
570 1733 657 1798 Haec
693 1733 776 1796 enim
798 1734 860 1797 duo
898 1732 999 1798 officia
1035 1733 1111 1796 mihi
1147 1715 1292 1814 quidem'

146 1852 209 1897 non
235 1834 362 1898 dubium
395 1835 519 1899 videtur
541 1836 615 1916 quin
652 1835 826 1916 quicunque
863 1835 958 1899 talem
995 1836 1210 1916 quaestionem
1232 1839 1272 1899 ad

147 1935 298 2017 liquidum
319 1938 490 2016 perducere
513 1938 649 2002 animum
672 1931 835 2002 induxerit¹
850 1939 878 2002 ei
907 1938 1102 2018 praestanda?
1121 1938 1191 2002 sint.

610 2112 813 2122 ——w-——m-

674 2232 748 2310 Π.

236 2381 297 2445 Sed
320 2381 500 2462 priusquam
524 2383 687 2464 adipsum
711 2403 778 2448 rem
811 2383 1033 2464 aggrediamur
1054 2402 1154 2464 pauca
1183 2383 1272 2446 nobis

146 2485 351 2548 memoranda
373 2484 518 2548 videntur
534 2485 579 2550 'de
602 2483 715 2550 Tibulli
744 2491 850 2551 aetate
887 2487 926 2550 de
963 2505 1025 2567 qua
1063 2491 1147 2550 certo
1185 2485 1273 2548 testi-

146 2586 251 2650 monio
276 2603 417 2650 caremus
439 2588 485 2651 ita
507 2594 543 2652 ut
576 2608 779 2670 quaecunque
803 2589 841 2652 (16
873 2608 911 2653 ea
932 2587 1064 2669 proferri
1086 2587 1218 2668 possunt
1241 2594 1273 2651 et

145 2688 270 2770 prolata
307 2695 380 2753 sunt
426 2691 567 2754 nitantur
603 2674 787 2756 coniecturis
825 2692 933 2773 eisque
969 2690 1104 2756 incertis,
1159 2691 1271 2772 ltaque

146 2792 303 2871 quoniam,
334 2792 392 2857 nisi
415 2792 453 2856 (16
475 2792 534 2857 hac
559 2813 594 2857 re
631 2794 804 2874 probabilia
841 2794 952 2859 saltem
976 2794 1111 2858 assecuti
1150 2813 1268 2872 sumus,
1366 2853 1367 2856 ,

56 2903 63 2916 ’
104 2903 111 2923 ·
147 2894 317 2957 carminum
341 2902 484 2976 tempora
506 2902 542 2960 ut
564 2898 640 2961 satis
663 2903 747 2961 recto
776 2917 929 2977 ponamus
962 2898 1028 2961 lieri
1063 2905 1123 2960 non
1156 2902 1269 2977 potest,

148 2995 284 3060 virorum
308 2996 337 3062 (1.
362 2997 400 3061 de
423 2999 506 3063 vitae
530 3005 666 3080 tcmpore
689 3001 801 3064 Tibulli
831 3001 1029 3082 quaestiones
1064 3001 1176 3064 iterum
1200 3019 1273 3080 per-

146 3099 283 3177 pendere
306 3105 338 3164 et
360 3108 510 3182 qnantum
532 3101 600 3167 fieri
621 3108 726 3182 potest
748 3088 884 3167 aetatem
900 3108 1012 3183 poetae
1029 3101 1121 3172 certis
1133 3102 1272 3167 terminis

148 3201 399 3268 circumscribere
422 3206 555 3269 nuncin
578 3206 681 3270 animo
703 3204 864 3270 habemus,

234 3305 298 3369 Iam
316 3307 489 3386 permultae
508 3314 581 3371 sunt
597 3308 733 3372 virorum
752 3309 914 3374 doctorum
937 3309 975 3372 de
987 3308 1046 3372 bac
1063 3326 1096 3372 re
1115 3315 1281 3388 computa--

149 3406 249 3470 tiones
261 3427 392 3488 quorum
406 3429 595 3491 quamquam
615 3429 704 3484 suam
716 3412 847 3493 quisque
859 3411 1007 3492 speciosis
1020 3412 1211 3490 argumentis
1226 3431 1274 3474 or-

147 3529 223 3574 nare
237 3520 269 3575 et
280 3511 419 3576 stabilire
436 3514 557 3577 studuit
572 3520 677 3577 tamon
688 3515 821 3579 maximo
840 3513 1077 3594 mihiprobavit
1087 3515 1276 3578 sententiam·

146 3631 235 3691 suam
248 3613 288 3678 0..
298 3614 345 3678 Fr.
355 3613 540 3698 Gruppius¹)
553 3617 735 3697 quierroros
750 3618 958 3698 eorumquiin
972 3617 1030 3681 hac
1042 3637 1075 3681 re
1090 3617 1275 3681 excutienda

148 3715 175 3778 61
189 3721 420 3781 antecesserant
434 3719 529 3798 probe
553 3719 711 3784 refutavit.
736 3721 797 3784 Sed
809 3720 969 3784 videamus
981 3721 1040 3802 ipsi
1053 3720 1207 3801 quomodo
1223 3739 1273 3783 res

154 3818 335 3882 schabest.

132 3909 138 3920 ¹
239 3921 463 3986 Gravissimum
488 3925 699 3989 testimonium
723 3926 794 3989 anni
827 3925 941 4006 natalis
964 3925 1075 3990 Tibulli
1108 3925 1274 4016 (definiendi

153 4023 285 4102 praebet
308 4024 436 4088 Ovidius
474 4027 525 4106 qui
564 4047 601 4090 eo
636 4027 704 4092 loeo
741 4028 795 4091 ubi
833 4029 951 4110 elegiae
979 4028 1094 4102 latinae
1117 4027 1273 4110 principes

138 4126 261 4194 ¹ordine
285 4135 410 4192 servato
434 4136 598 4194 eumnerat
620 4131 711 4206 (trist.
735 4131 789 4210 IV,
817 4133 864 4209 10,
889 4133 927 4196 51
953 4138 1012 4212 sq.)
1035 4132 1112 4199 haec
1133 4131 1245 4196 habet:

307 4230 477 4311 Vergilium
500 4232 562 4295 vidi
577 4237 709 4312 tantum,
732 4253 789 4298 nec
811 4253 907 4298 avara
929 4233 1049 4302 Tibullo

304 4332 438 4413 Tempus
462 4335 616 4418 amicitiae
639 4334 704 4420 fata
727 4337 841 4402 dedere
864 4355 962 4402 meae.

223 4502 246 4571 l)
264 4501 355 4558 Rocm.
374 4503 450 4568 Eleg.
468 4521 493 4572 p.
512 4505 560 4560 251
580 4521 618 4572 sq.
