3022 4982
598 301 806 366 ..21-

146 487 245 552 litias·
267 489 383 552 iturum
416 507 486 554 csse
509 487 667 567 existim03
691 507 751 553 non
781 493 886 569 potest
923 488 1018 572 igitur
1054 487 1132 553 haec
1169 488 1269 570 elegia

144 590 247 655 locum
270 589 385 655 habere
408 596 480 671 post
501 590 652 682 decimum
675 596 708 655 et
730 591 895 673 septimam
916 579 1160 674 quarnmoltera
1181 591 1269 655 initio

145 692 221 756 belli
246 679 423 775 Aquitanici
445 729 486 741 —
515 693 662 758 Hankelii
684 694 810 775 quidem
839 693 937 774 ipsius
969 693 1083 758 iudicio
1109 727 1141 738 —
1169 693 1269 757 altera

146 795 188 858 ad
211 795 403 876 triumphurn
426 814 464 860 er
486 795 544 860 hoe
566 787 646 860 bello
669 797 829 862 decretum
851 795 1069 860 celebrandum
1098 795 1270 876 composita

145 902 204 963 est.
251 899 400 963 Videmus
422 899 518 980 igitur
539 895 728 963 Hankeliurn
750 899 795 965 ita
816 899 1051 964 ratiocinantem
1074 898 1138 962 suis
1171 897 1269 980 ipsius

145 1000 303 1065 irretitum
327 1019 396 1066 esse
417 1001 546 1083 laqueis.

608 1177 810 1184 ———--

660 1297 751 1372 vl.

166 1523 170 1530 ,
233 1445 294 1510 Sed
326 1446 503 1527 opinionum
525 1449 714 1513 virorunrd.
738 1448 830 1512 nullis
852 1451 888 1510 ut
910 1451 1042 1526 apparet
1059 1445 1269 1526 probabilibus
1334 1519 1336 1524 ,
1407 1492 1413 1505 .

147 1548 249 1611 causis
280 1547 430 1613 luiturum
455 1550 716 1616 confutationibus
749 1551 878 1614 nimium
912 1549 974 1613 iarn
999 1548 1156 1614 immorati
1188 1569 1269 1614 nunc

147 1649 187 1712 ad
213 1651 405 1732 singulorum
429 1654 597 1718 carminum
611 1647 819 1718 condicionem
832 1653 1007 1717 accuratius
1020 1652 1269 1732 perspiciendam

147 1754 392 1834 progrediamur.
416 1756 519 1836 Atque
534 1757 654 1821 initium
667 1757 793 1838 quidem
804 1757 892 1821 nobis
906 1756 1080 1820 ducendum
1092 1755 1216 1819 videtur
1226 1754 1268 1819 ab

147 1855 247 1936 elegia
260 1858 393 1937 septima
404 1863 513 1938 utpote
526 1859 612 1923 cuius
625 1861 664 1924 de
676 1864 816 1940 ternpore
828 1859 965 1924 dubitari
976 1878 1037 1922 non
1053 1862 1156 1939 queat.
1193 1857 1267 1939 Ipsa

150 1957 232 2022 enim
255 1959 355 2040 elegia
377 1958 572 2028 demonstrat
594 1982 628 2026 se
651 1963 799 2043 scriptam
828 1981 897 2028 esse
920 1953 947 2026 a.
978 1963 1048 2026 727.
1094 1960 1156 2026 Sed
1178 1960 1270 2024 vohe-

148 2066 270 2125 mentcr
292 2064 453 2142 quaeritur
475 2084 567 2146 quern
598 2050 680 2130 i'nter
712 2071 832 2130 ceteras
865 2064 1005 2129 obtineat
1035 2065 1145 2128 locurn.
1191 2063 1271 2128 Sunt
1365 2111 1368 2116 -

133 2163 234 2227 Ι11111
257 2161 309 2245 qui
332 2165 474 2232 ultimam
495 2168 566 2232 libri
588 2169 679 2249 primi
702 2168 838 2234 omnium
861 2167 1063 2248 compositam
1086 2185 1155 2231 esse
1189 2166 1270 2230 arbi-

79 2286 82 2293 ·
149 2267 272 2330 trentur
293 2273 326 2332 et
347 2270 400 2350 qui
422 2271 557 2336 mediam
580 2291 649 2336 earn
672 2271 772 2336 locum
796 2269 936 2335 obtinere
958 2269 1062 2334 velint.

236 2370 324 2436 Unus
347 2371 513 2438 Teuffelins
537 2357 573 2439 ut
603 2374 695 2439 modo
728 2374 861 2438 vidimus
889 2376 1019 2454 propter
1050 2372 1164 2437 malam
1198 2391 1269 2438 eon-

148 2471 301 2542 dieionem
324 2476 455 2555 primam
479 2494 548 2540 earn
572 2477 692 2541 censuit
714 2477 863 2556 scriptam
896 2493 974 2562 esse.
1020 2474 1123 2548 Cuius
1148 2475 1206 2540 viri
1239 2465 1267 2539 d.

147 2575 330 2656 priusquam
363 2579 538 2643 accuratius
562 2579 593 2642 in
615 2579 802 2643 sententiam
824 2578 1017 2660 inquiramus
1053 2577 1147 2642 liceat
1179 2578 1268 2642 nobis

148 2684 365 2758 argumentum
376 2680 458 2746 illius
471 2681 615 2747 carminis
631 2700 786 2746 enarrare.
830 2680 1017 2746 Natalicium
1030 2681 1125 2762 igitur
1141 2699 1266 2745 carmen
1307 2673 1310 2680 ’

147 2782 328 2847 conditurus
350 2790 445 2863 poeta
469 2785 629 2849 exorditur
652 2784 691 2848 ab
714 2784 783 2864 ipsa
805 2784 945 2866 proxima
967 2803 1007 2870 ae
1026 2803 1148 2848 summa
1174 2783 1267 2848 leude

148 2882 232 2947 illius
257 2885 327 2964 diei,
351 2873 522 2951 arietaria
545 2908 605 2952 uno
628 2907 708 2950 anno
732 2869 804 2952 aute
827 2887 936 2951 eodem
960 2886 1008 2950 dio
1042 2887 1080 2966 de
1103 2886 1267 2968 Aquitanis

146 2992 321 3067 reportata
346 2991 537 3070 triumphum
560 2990 672 3055 deinde
696 2991 836 3054 celebrat
858 3010 950 3070 quern
973 2985 1078 3070 paullo
1102 2994 1174 3054 ante
1198 3009 1269 3070 ege-

145 3095 196 3155 rat
219 3091 365 3156 Messala.
412 3093 530 3170 Quibus
553 3093 735 3174 praemissis
758 3098 867 3156 narrat
889 3095 994 3173 'poeta
1028 3112 1061 3157 se
1084 3093 1268 3181 participem

148 3192 246 3257 fuisse
282 3194 363 3260 illius
387 3197 600 3276 expeditionis,
625 3196 656 3259 id
680 3196 763 3276 quod
787 3194 846 3258 sibi
878 3195 938 3276 ipsi
974 3195 1083 3259 honori
1120 3196 1268 3268 tribuitb

146 3283 315 3361 Testantur
326 3297 385 3362 hoc
396 3299 494 3364 rnulte
504 3297 736 3379 locamultaque
749 3296 876 3361 flumina
888 3297 1200 3378 inGalliaAquitania
1209 3298 1270 3360 sita

145 3400 416 3480 qnaeomniavidit
424 3401 561 3465 Tibullus
571 3401 801 3465 cumMessalae
808 3399 1036 3465 contubernalis
1049 3405 1141 3464 esset.
1158 3400 1269 3480 Neque

145 3503 175 3566 hi
189 3500 245 3565 soli
259 3508 356 3566 testes
369 3509 441 3567 sunt
453 3504 553 3567 laudis
566 3503 732 3582 Messalae,
747 3503 800 3567 sed
815 3503 891 3567 alias
904 3503 998 3567 etiarn
1010 3508 1111 3567 terras
1124 3485 1175 3566 illc'
1188 3503 1269 3566 omni

149 3605 242 3669 laude
253 3605 368 3692 dignus
384 3606 431 3668 vir
443 3607 520 3670 adiit
534 3607 564 3670 in
578 3606 690 3687 quibus
704 3626 765 3670 aon
777 3607 878 3670 minus
892 3605 1028 3686 quam-in
1039 3606 1207 3686 Aquitania
1219 3611 1269 3669 res

148 3707 229 3770 bene
252 3694 358 3788 gessit,
376 3707 523 3787 Ciliciam,
541 3710 670 3790 Syriam,
688 3710 874 3791 Aegyptum,
898 3707 1032 3789 quarum
1054 3709 1174 3788 priores
1190 3708 1270 3772 binis

149 3814 272 3872 tantum
295 3807 443 3902 distichis
457 3817 551 3890 poeta
569 3799 763 3894 perstringit,
788 3814 818 3876 in
841 3812 935 3882 tertia
958 3817 1063 3875 autem
1086 3811 1271 3875 celebranda

144 3912 308 3992 praedicat
323 3913 433 3977 eximie
457 3913 580 3993 Osirim,
598 3915 787 3997 Aegyptium
799 3915 901 3994 deum,
926 3914 978 3995 qui
996 3915 1113 3994 primus
1129 3913 1270 3979 homines

145 4035 316 4043 ---———--.
325 4037 349 4042 φ.

214 4085 235 4150 l)
252 4082 303 4134 Ilio
321 4091 360 4133 est
377 4085 434 4134 sine
452 4084 531 4134 dubio
549 4077 642 4137 sensus
658 4087 832 4140 hemistichii:
925 4151 927 4156 ,

435 4169 497 4220 Non
514 4171 571 4221 sine
588 4188 628 4222 111
645 4179 686 4222 est
705 4173 754 4222 tibi
773 4180 863 4237 partos
880 4172 965 4224 honos

147 4269 234 4320 neque
253 4253 393 4318 quidquam
410 4256 436 4305 in
454 4255 504 4305 boo
522 4257 589 4307 inest
605 4258 737 4310 ridiculae
757 4260 923 4324 arrogantiae
942 4255 984 4308 vel
1003 4257 1098 4310 stultae
1115 4257 1272 4308 insolentiae

147 4341 174 4392 id
193 4341 263 4405 qnod
281 4339 440 4391 Baebraosio
458 4342 543 4392 visum
561 4350 608 4406 est,
626 4345 669 4408 qui
700 4345 728 4414 (1,
747 4361 770 4397 1.
788 4361 813 4410 p.
845 4344 888 4414 13)
915 4345 1064 4409 vulgatam,
1079 4345 1216 4394 lectionem
1237 4359 1268 4394 ao

133 4427 196 4494 'per
214 4426 418 4492 reprobabilem
436 4442 504 4478 rana
521 4435 599 4492 etque
620 4430 707 4481 inutili
736 4432 886 4494 1111111111
911 4432 1022 4482 mutavit
1051 4429 1092 4484 in:
1124 4427 1187 4481 Nou
1215 4430 1271 4481 sino

128 4547 131 4554 ι
150 4513 237 4564 Marta
253 4512 290 4564 ibi
307 4520 397 4579 partus
415 4513 508 4572 honos.
1265 4523 1268 4531 ’
