3022 4982
762 314 890 390 -.³42
933 349 974 362 ..

312 500 448 566 sentiunt
463 499 545 581 quod
566 498 688 565 illorum
710 501 804 565 trium
830 502 963 581 primum
989 503 1192 583 compositum
1213 520 1283 567 esse
1296 491 1421 582 putant}

314 604 369 668 sed
392 604 431 667 de
454 599 563 667 ceteris
586 602 686 668 adhuc
708 604 882 685 ambigitur.
965 619 968 628 ’

394 705 440 786 Ac
460 705 536 770 mihi
571 705 695 786 quidem
727 725 789 772 uon
811 706 938 772 dubium
971 709 1094 774 videtur
1126 710 1199 790 quin
1220 709 1319 790 elegia
1339 725 1422 772 nona

222 879 224 882 ,
310 805 394 874 recte
415 807 515 873 locum
539 808 678 872 obtineat
699 815 771 889 post
792 809 923 891 elegiam
945 816 1095 877 octavam.
1139 813 1197 876 Hic
1219 812 1299 876 enim
1321 815 1370 876 est
1391 809 1419 873 si

313 910 387 991 quid
408 910 498 975 video
520 911 695 976 initlorum
717 917 849 993 utroque
872 914 1042 978 carminum
1064 915 1287 980 sententiarum
1308 932 1421 978 nexus:

313 1013 433 1094 ‚Celare
455 1032 505 1077 me
527 1031 588 1078 non
611 1014 737 1094 poteris
754 999 852 1095 puer,
876 1016 950 1097 quid
983 1017 1119 1082 animum
1143 1023 1230 1082 tuum
1266 1015 1431 1098 sollicitet;'

310 1116 429 1196 peritus
452 1116 533 1180 enim
555 1135 624 1180 sum
652 1117 765 1181 amoris
802 1137 895 1200 quem
930 1137 980 1184 me
1017 1121 1086 1200 ipsa
1108 1121 1212 1185 Venus
1246 1138 1316 1200 ‚non
1352 1119 1419 1184 sine

219 1245 223 1256 ·
311 1218 416 1283 multis
437 1219 628 1283 verberibus‘
650 1219 763 1284 docuit.
809 1220 935 1286 Puellae
958 1223 1117 1287 cuiusdam
1145 1228 1176 1287 te
1210 1219 1307 1287 teneri
1340 1219 1420 1287 desi-

307 1321 398 1385 derio
418 1322 598 1408 iamdudum
621 1322 691 1387 scio.
737 1323 848 1402 Actu,
879 1324 992 1405 puella,
1015 1315 1133 1406 precorx
1156 1326 1199 1390 sis
1234 1324 1331 1390 facihs
1352 1325 1420 1390 Ma-

309 1424 399 1489 ratho
421 1439 482 1488 neu
504 1439 575 1488 enm
597 1430 758 1505 torqueas3
782 1426 958 1492 mihicrede
980 1445 1100 1493 summo
1121 1428 1154 1492 in
1174 1432 1206 1493 te
1218 1445 1323 1492 amore
1345 1446 1417 1492 eum

309 1525 449 1608 flagrare.
495 1527 566 1609 lpse
599 1528 756 1609 quondam
792 1529 992 1610 superbiebat
1024 1536 1225 1611 amantesque
1257 1529 1417 1609 illudebat3

307 1644 387 1695 nunc
409 1649 479 1694 eum
502 1635 706 1696 assecutaest
723 1617 827 1712 poena
859 1651 938 1713 quac
960 1637 993 1697 te
1015 1651 1138 1715 quoque
1159 1638 1264 1698 manet
1283 1631 1344 1697 nisi
1365 1632 1420 1696 da-

307 1735 382 1798 sinis
404 1752 473 1798 esse
495 1734 650 1813 superna}
676 1767 710 1779 -
735 1734 803 1799 Hoc
834 1734 899 1799 fere
936 1740 985 1800 est
1020 1741 1237 1819 argumentum
1273 1734 1419 1800 carminis

309 1837 418 1902 octavi.
462 1837 531 1900 lam
552 1855 589 1900 eo
612 1837 694 1917 quod
717 1829 858 1918 seqnitur
878 1843 972 1918 poeta
997 1839 1265 1904 vehementissime
1297 1839 1329 1903 in
1351 1838 1419 1902 Ma-

308 1940 433 2005 rathum
454 1939 608 2005 invehitur
630 1940 713 2020 quod
734 1939 924 2019 peiuraverit
950 1959 1087 2021 auroque
1115 1946 1224 2022 captus
1257 1941 1309 2005 alii
1335 1958 1422 2005 ama·

308 2043 370 2106 tori
392 2043 482 2123 eique
504 2060 579 2107 cano
602 2061 638 2106 ac
659 2041 771 2122 frigido
794 2061 827 2106 se
850 2043 985 2123 dederit;
1009 2063 1078 2108 eam
1110 2060 1241 2124 poenam
1274 2042 1317 2107 illi
1349 2061 1422 2123 pre·

308 2149 396 2209 catur
430 2149 467 2208 ut
501 2145 605 2225 puella
641 2143 681 2208 ad
703 2143 926 2226 'quamsaepe
942 2147 969 2210 ei
995 2147 1153 2226 paraverit
1175 2139 1293 2210 aditum
1320 2165 1420 2226 aeque

289 2233 403 2328 ‘atque
425 2247 491 2327 ipse
513 2245 632 2327 perfida
668 2248 717 2312 sit.
763 2248 840 2312 Tum
862 2250 969 2329 procul
991 2250 1100 2314 abesse
1122 2250 1209 2314 iubet
1236 2268 1367 2330 puerum
1390 2254 1424 2312 et

309 2348 418 2415 foedus
441 2350 533 2414 solvit
558 2350 680 2415 amoris.
727 2350 873 2432 Sequitur
905 2354 1093 2433 corruptoris
1126 2348 1315 2433 imprecatio.
1361 2351 1422 2416 Ex-

309 2459 409 2517 tremo
432 2453 565 2517 carmine
587 2452 700 2518 iterum
728 2453 759 2526 in
785 2471 917 2534 puerum
939 2455 1095 2520 invehitur
1130 2473 1222 2536 quem
1258 2475 1277 2519 a
1312 2473 1346 2519 se
1369 2457 1423 2520 de-

310 2561 429 2619 sertum
451 2571 545 2637 quam
565 2557 676 2620 acerba
698 2575 766 2620 sors
789 2560 1007 2638 exspectatura
1029 2559 1071 2622 sit
1091 2557 1231 2639 pluribus
1254 2557 1420 2638 explicans.

393 2639 492 2735 Quam
513 2659 664 2723 rationem
681 2661 904 2724 sententiarum
926 2659 952 2725 si
974 2667 1028 2725 tuo
1044 2659 1155 2726 iudicio
1179 2660 1421 2726 consideraveris

310 2777 432 2825 carmen
460 2767 601 2827 octavum
634 2767 718 2826 recte
750 2762 851 2826 locum
873 2769 945 2828 ante
971 2780 1085 2846 nonum
1121 2763 1235 2828 habere
1272 2761 1423 2829 statuenti

308 2863 383 2927 mihi
425 2883 486 2928 non
517 2863 634 2943 poteris
655 2883 716 2928 non
732 2865 883 2929 assentiri.
928 2866 975 2929 Ex
997 2872 1065 2931 tota
1080 2868 1168 2934 enim
1180 2863 1296 2948 elegiae
1319 2885 1420 2932 nonae

312 2967 487 3031 condicione
510 2971 641 3048 apparet
662 2972 787 3046 poetam
808 2968 980 3034 valedicere
1002 2985 1157 3051 pueroac
1172 2969 1281 3034 foedus
1305 2968 1421 3044 amoris

311 3049 456 3134 solutum
468 3069 555 3134 velle.
598 3067 679 3133 Nam
702 3071 883 3150 gravissime
911 3077 959 3136 est
981 3070 1115 3137 offensus
1153 3071 1236 3154 quod
1256 3069 1420 3137 Marathus

310 3171 482 3252 corruptori
504 3171 625 3237 cuidam
647 3172 714 3236 seni
746 3191 780 3236 se
814 3173 932 3238 dedidit
964 3175 1020 3239 cui·
1036 3175 1104 3240 dira
1126 3180 1158 3240 et
1192 3175 1275 3240 mala
1307 3175 1422 3256 impre-

311 3279 416 3340 catur„
452 3273 577 3339 Puellae
605 3275 687 3356 quod
723 3275 886 3340 Marathus
923 3281 1067 3343 teneatur
1104 3297 1208 3343 amore
1227 3277 1324 3343 ‘adeo
1359 3295 1422 3342 non

309 3396 403 3459 aegre
425 3376 487 3441 fert
508 3383 545 3441 ut
566 3395 623 3442 sua
645 3395 740 3457 opera
761 3397 797 3443 ac
830 3377 977 3445 beneficio
1014 3385 1154 3446 amantes
1191 3367 1285 3462 saepe
1322 3379 1422 3447 conci-

308 3480 400 3545 liarit.
453 3479 542 3544 Unde
565 3478 644 3545 effici
665 3480 739 3544 mihi
761 3480 884 3546 videtur
904 3483 986 3547 iuter
1004 3483 1158 3549 Tibullum
1187 3488 1219 3548 et
1240 3483 1421 3568 Marathum

308 3599 370 3648 non
392 3583 485 3647 istam
506 3583 673 3668 pessimam
695 3584 948 3650 consuetudinem
970 3605 1007 3651 ac
1038 3592 1169 3652 naturae
1194 3591 1422 3668 repugnantem

309 3685 519 3751 intercessisse
553 3685 593 3750 ad
616 3703 709 3766 quam
731 3686 781 3751 ille
804 3705 898 3752 senex
930 3689 1111 3754 libidinosus
1143 3708 1274 3772 puerum
1307 3695 1420 3770 postca

309 3788 484 3869 pelhciebat
516 3789 564 3853 cui
586 3789 756 3852 sentcntiae
789 3788 821 3854 id
844 3809 967 3872 quoque
1005 3793 1145 3857 convenit
1181 3791 1264 3873 quod
1299 3787 1420 3856 nullum

308 3891 437 3956 verbum
459 3890 498 3955 de
520 3889 575 3955 tali
597 3909 657 3955 usu
677 3891 814 3976 Marathi
835 3898 929 3973 poeta
950 3894 981 3958 in
1003 3895 1188 3960 carminibus
1210 3893 1349 3959 tradidit.

299 4017 301 4022 ·
392 3991 454 4058 Sed
475 3993 675 4058 vehementer
699 3995 863 4076 ,quaeritur
898 4015 959 4077 quo
987 3977 1134 4077 ¹tempore
1170 3997 1246 4062 haec
1282 3996 1421 4062 carmina

307 4095 479 4178 composita
499 4096 568 4160 sint.
614 4096 682 4174 Qua
704 4097 828 4177 quidem
849 4099 880 4163 ln
903 4099 1084 4180 quaestione
1107 4099 1300 4180 explananda
1322 4100 1419 4164 etiam

295 4193 614 4265 ¹minus'adiuvamur
636 4199 819 4264 testimoniis
851 4201 1000 4266 historiae
1022 4222 1116 4284 quam
1151 4203 1184 4268 in
1204 4202 1312 4267 Deliae
1352 4221 1420 4267 car-

308 4303 425 4368 minum
447 4309 586 4383 tempore
608 4303 829 4386 perspiciendo,
843 4323 912 4369 cum
933 4304 965 4368 in
981 4305 1165 4371 carminibus
1188 4305 1229 4370 ad
1240 4295 1420 4370 Marathum

308 4405 430 4487 scriptis
451 4405 541 4486 plane
562 4404 648 4469 nulla
669 4397 817 4486 temporis
845 4406 1010 4487 descriptio
1038 4408 1172 4490 legatum
1209 4427 1270 4490 quo
1302 4407 1419 4472 factum

306 4513 411 4573 estut
443 4507 537 4581 etiarn
559 4509 597 4574 de
624 4508 733 4573 horum
769 4515 910 4591 tempore
943 4512 1114 4577 sententiae
1150 4511 1285 4577 virorum
1322 4511 1351 4575 d.
1389 4511 1420 4573 in
