3022 4982
571 283 842 373 -¹41-'

17 535 18 590 ss
118 497 290 564 Discidium
311 497 394 562 inter
414 502 556 574 amantes
589 500 682 560 antea
715 501 799 562 arcte
833 497 1010 563 coniunctos
1045 501 1151 562 ortum
1181 501 1230 562 est

17 649 18 662 ,
119 601 202 683 quod
239 599 365 681 quidem
390 599 527 677 libullus
544 623 549 632 ·
564 598 617 662 diu
653 599 806 664 sustinere
843 619 904 664 non
941 604 1055 681 potest.
1110 599 1229 664 lterum

118 705 293 783 iterumque
316 702 381 766 adit
402 701 536 782 puellam
560 705 704 780 amatam,
733 721 795 767 non
830 698 973 783 precibus
1006 721 1067 766 non
1089 702 1230 766 monitio-

119 807 209 871 nibus
232 805 331 885 parcit
359 815 428 868 eam
450 803 507 868 sibi
541 802 809 884 reconciliatorum
843 806 934 870 docet
966 809 1157 884 quantopere
1190 805 1251 868 sit.

122 909 251 974 meritus
274 906 312 971 de
334 907 387 971 illa
409 909 591 988 aegrotante
614 905 901 988 quamfinxeritque
924 907 1090 972 sibivitam
1112 905 1231 972 felicem

121 1029 191 1076 cum
224 1027 320 1090 prope
352 1009 466 1074 lectum
503 1008 569 1073 eius
602 1010 739 1087 sederet3
787 1015 906 1074 terrere
944 1013 1072 1074 conatur
1109 1009 1230 1075 Deliam

17 1187 18 1208 χ
119 1114 151 1178 in
174 1118 267 1193 caput
288 1112 378 1176 istius
400 1111 553 1191 pessimae
575 1111 663 1176 lenae
686 1130 791 1176 omnes
820 1112 919 1176 minas
947 1111 1146 1193 periculaque
1180 1112 1233 1176 de-

120 1233 249 1292 vovens;
273 1232 380 1278 verum
402 1214 472 1278 vani
495 1219 567 1278 sunt
589 1213 655 1278 eius
679 1220 815 1294 conatus,
839 1215 929 1292 Delia
951 1233 1023 1280 eum
1045 1233 1106 1279 non
1128 1215 1232 1295 audit;
1290 1237 1298 1255 ·

84 1319 213 1383 .·immo
236 1316 324 1381 nubit
344 1317 387 1380 illi
410 1316 592 1381 divitissimo
626 1317 759 1381 amatori
788 1317 826 1381 de
863 1335 924 1407 quo
962 1318 1102 1409 queritur
1138 1322 1232 1398 poeta

120 1421 254 1486 carmine
288 1424 316 1499 5,
340 1422 389 1484 47.
434 1418 514 1483 Novi
552 1419 675 1484 dolores
710 1417 828 1502 ferendi
861 1425 934 1487 suut
966 1419 1099 1498 libullo;
1133 1438 1241 1502 neque·

99 1535 102 1540 '
122 1529 229 1587 tamen
251 1521 309 1587 hnc
330 1541 364 1587 re
380 1541 475 1600 arnor
489 1525 522 1586 ct
533 1520 685 1602 cupiditas
709 1522 775 1586 eius
791 1527 964 1602 coercetur3
987 1523 1087 1600 immo
1101 1527 1235 1605 nugetur

122 1631 154 1690 et
175 1643 297 1690 omnem
319 1626 445 1690 modum
467 1625 614 1690 excedere
636 1617 869 1704 videtur3'nam
892 1625 1088 1706 cupidissime
1111 1625 1234 1689 aDelia

121 1732 219 1808 nupta
239 1727 319 1808 petit
350 1734 386 1792 ut
408 1728 553 1793 maritum
585 1725 680 1792 lallat«
705 1728 879 1809 iterumque
908 1747 1013 1792 secum
1046 1727 1236 1809 ingratiam

122 1830 244 1908 redcat3
268 1836 436 1911 praecepte
467 1829 537 1904 dat*
552 1829 749 1895 callidissimo
780 1830 893 1911 quibus
917 1830 1060 1895 custodes
1083 1849 1102 1894 a
1123 1831 1235 1894 marito
1292 1879 1294 1882 -

122 1935 239 2014 positos
273 1933 381 1999 fallere
413 1933 527 2012 possit3
562 1932 644 1997 omni
672 1933 769 1996 modo
804 1951 873 1996 earn
896 1933 935 1998 ab
969 1931 1075 2008 officio,
1093 1938 1234 2024 avertere

124 2037 238 2102 studet.
283 2036 456 2100 Etrevcra
478 2040 639 2100 assecutus
662 2035 764 2099 estid
788 2036 870 2116 quod
905 2037 1130 2116 concupiverat,
1154 2036 1237 2117 quod

17 2187 18 2194 κ
122 2144 254 2219 apparet
275 2159 313 2202 ex
335 2137 468 2202 carmine
491 2143 593 2216 sexto;
617 2137 673 2202 sed
695 2137 785 2202 Delia
807 2137 903 2202 semel
925 2138 964 2202 ab
995 2137 1105 2222 officio
1118 2137 1238 2203 deflexa

17 2303 18 2306 ,
124 2245 156 2305 et
191 2242 223 2305 in
256 2241 331 2306 vitia
354 2240 482 2320 delapsa
518 2258 589 2304 mox
626 2241 665 2304 ad
702 2245 824 2304 tantam
859 2241 1019 2306 levitatem
1039 2241 1238 2322 progreditur

17 2393 18 2416 ,
125 2348 161 2406 ut
182 2343 245 2408 iam
266 2360 328 2407 non
350 2362 410 2407 uno
444 2347 584 2406 amatore
613 2347 758 2407 contenta
781 2361 850 2407 esse
873 2343 1023 2409 videatur.
1069 2343 1115 2407 Ex
1149 2348 1239 2408 sexta

124 2444 224 2526 elegia
246 2444 334 2509 facile
356 2443 547 2526 intellegitur
579 2445 788 2525 compluribus
826 2465 886 2510 uno
923 2451 1062 2526 tempore
1094 2446 1239 2511 amatori-

17 2629 18 2634 *
126 2549 182 2611 bus
205 2566 275 2612 eam
297 2547 434 2612 deditam
456 2546 561 2611 fuisse.
606 2547 673 2611 Hoc
695 2549 821 2628 quidem
844 2549 1084 2628 canninepoeta
1106 2553 1238 2613 conatur

17 2643 18 2686 l
125 2650 220 2740 etiam
242 2656 309 2714 tum
324 2650 431 2714 Deliae
453 2649 643 2730 persuadere
665 2653 747 2714 utin
769 2669 826 2714 suo
841 2669 946 2715 amore
969 2631 1163 2732 perseverem
1181 2651 1237 2716 sed

126 2752 167 2816 nil
190 2751 329 2816 effecisse
350 2753 487 2832 videtum
510 2753 617 2833 itaque
640 2772 708 2817 eam
731 2752 878 2818 deseruit.
908 2775 912 2786 ·
1200 2811 1203 2818 .
1266 2816 1267 2819 ,

211 2855 295 2939 Finis
317 2856 430 2920 amoris
454 2855 576 2920 videtur
597 2855 740 2920 incidisse
767 2857 799 2938 in
821 2875 848 2921 a.
874 2858 950 2940 7263
973 2875 1034 2937 quo
1066 2875 1135 2920 cum
1158 2875 1240 2921 anno

125 2957 292 3022 Messalam
313 2955 502 3035 in'Galliam
524 2950 724 3023 comitaretur
746 2958 890 3023 credibile
913 2965 962 3024 est
982 2960 1063 3023 inter
1085 2959 1239 3024 tumultus

125 3061 205 3123 belli·
220 3065 344 3140 poetam
368 3061 466 3124 sinon
480 3061 587 3134 Deliae
611 3061 740 3125 oblitum
763 3079 831 3126 esse
854 3067 992 3126 attamen
1014 3049 1081 3126 eiu's
1104 3080 1240 3126 amorem

17 3159 18 3206 ἐ
125 3163 248 3242 penitus
281 3157 407 3227 insitum
440 3182 478 3226 ex
510 3163 612 3227 animo
646 3163 772 3228 eiecisse
803 3153 835 3228 et
867 3183 967 3245 aequo
1000 3165 1102 3229 animo
1126 3183 1154 3228 a.
1180 3165 1240 3228 727
1322 3249 1325 3255 Ι

17 3273 18 3280 ’
128 3265 261 3329 Romam
283 3265 408 3330 redisse.
561 3272 563 3276 ’
1410 3261 1412 3266 ”

585 3385 786 3395 -ο-ῌ,

636 3503 736 3587 XI.

133 3679 136 3686 ’
212 3672 294 3742 Satis
316 3672 415 3742 multa
447 3675 521 3741 mibi
543 3676 638 3742 verba
659 3675 769 3740 iecisse
787 3675 908 3741 'videor
941 3695 1037 3757 quere
1071 3676 1254 3755 camninum

17 3767 19 3810 ⁴
126 3775 159 3842 in
181 3779 301 3843 Deliam
335 3780 521 3859 scriptorum
553 3779 579 3842 is
609 3776 683 3842 ordo
706 3778 780 3841 mibi
808 3774 994 3858 probaretur,
1023 3797 1084 3858 quo
1107 3780 1242 3848 omnium

17 3909 19 3922 =
126 3879 260 3970 primurn
282 3886 389 3945 natum
424 3899 492 3946 esse
515 3899 639 3945 carmen
671 3880 810 3943 inlibris
833 3882 960 3945 tertium
982 3885 1126 3961 putarem
1148 3882 1241 3962 idque

126 3983 209 4046 intra
242 3984 319 4048 duos
352 3982 417 4047 fere
450 4001 546 4048 anuos
569 3984 713 4062 deinceps
743 3970 929 4046 successisse
951 4001 1075 4047 carmen
1098 3984 1241 4064 primum,

128 4084 279 4164 quintum,
303 4087 480 4166 secundum,
504 4092 640 4164 sextum3
663 4089 763 4149 restat
785 4091 821 4148 ut
843 4085 881 4148 de
904 4082 1092 4153 carminibus
1123 4087 1154 4149 in
1176 4085 1244 4149 Ma-

29 4191 32 4198 '
128 4185 254 4250 rathum
276 4188 398 4268 scriptis
414 4188 602 4253 disseramus
628 4201 709 4268 quae
729 4187 760 4250 in
781 4187 860 4252 libro
875 4187 1045 4251 Tibulliano
1062 4187 1245 4252 exhibentur
1328 4179 1330 4184 ’

131 4289 205 4352 sede
229 4294 341 4370 quarta
364 4295 473 4356 octava
494 4310 583 4381 uena.
628 4291 709 4372 Nam
733 4308 856 4353 cannen
885 4308 999 4353 nonum
1027 4289 1086 4353 etsi
1108 4289 1244 4354 Marathi

130 4410 245 4455 nomen
266 4393 298 4455 in
320 4411 357 4464 eo
378 4411 439 4456 non
461 4392 574 4474 legitur
596 4399 701 4458 tamen
723 4393 871 4471 scriptum
894 4409 962 4455 esse
985 4391 1133 4455 adibam
1155 4410 1245 4456 nemo
1276 4390 1279 4397 '

17 4493 18 4500 ’
86 4533 91 4545 ·
131 4499 208 4576 puto
231 4494 366 4576 negabit.
411 4496 456 4560 Ao
477 4495 516 4559 de
538 4500 650 4576 quarto
677 4493 802 4575 quidem
831 4493 965 4558 carmine
988 4493 1045 4558 viri
1073 4494 1155 4558 docti
1176 4512 1246 4558 cou-
