3022 4982
561 321 784 384 .-29’-

128 510 333 574 comitaturus
346 515 438 574 esset.
476 507 534 574 Hic
546 515 679 591 quaerat
689 507 823 574 fortasse
836 510 990 591 quispiam
1002 510 1054 590 qui
1067 509 1205 573 Tibullus
1218 510 1248 573 in

124 631 236 676 navem
270 612 491 693 cohortemque
514 611 668 676 Messalae
702 613 823 676 venerit
850 613 1001 694 ¹quoniam
1039 613 1124 676 illurn
1153 631 1249 692 snpra

126 716 410 780 demonstravimus
433 716 505 779 inde
539 733 558 779 a
591 734 697 796 pugna
719 715 846 779 Actiaca
880 715 985 780 statim
1019 716 1049 778 iu
1072 714 1249 796 Aegyptum

124 818 260 899 indeque
281 818 313 882 in
336 818 442 882 Asiam
465 837 499 882 se
523 819 698 908 contulisse.
745 818 801 882 Cui
823 819 1010 898 respondeo·
1030 818 1105 883 mihi
1122 818 1248 898 quidem

123 939 185 1000 non
208 920 336 984 dubium
359 939 428 985 esse
451 921 524 1001 quin
547 921 685 985 Tibullus
709 921 828 1001 etipse
851 940 974 1002 pugnae
998 921 1142 986 Actiacae
1154 921 1250 984 inter-

123 1023 226 1087 suerit.
272 1023 314 1087 At
336 1023 419 1087 nullo
440 1023 516 1087 loco·
532 1024 624 1087 huius
656 1042 779 1105 pugnae
801 1024 833 1087 in
849 1024 1036 1088 carminibus
1060 1022 1247 1088 mentionem

122 1125 205 1190 lecit.
252 1127 332 1204 Quid
359 1126 438 1191 boc?
462 1126 615 1203 Quidnam
638 1126 677 1191 de
699 1125 780 1190 bello
802 1126 987 1206 Aquitanico
1004 1126 1137 1207 amplius
1150 1125 1255 1207 edidit

123 1248 218 1310 quam
241 1249 275 1293 se
298 1229 365 1293 eius
397 1229 581 1310 participem
602 1227 718 1293 fuisse?
755 1228 916 1293 ATibulli
949 1230 1051 1294 anirno
1084 1229 1248 1309 indoleque

127 1349 257 1412 prorsus
281 1332 401 1396 alienae
423 1321 514 1397 eraut
534 1349 638 1398 rerum
654 1331 833 1396 bellicarum
849 1331 1087 1412 descriptiones;
1100 1337 1251 1413 quantum

124 1438 252 1515 poterat
267 1453 320 1498 eas
343 1434 424 1516 fugit
445 1435 604 1516 poetaqui
626 1434 852 1500 satisbabebat
874 1435 989 1516 gaudia
1011 1435 1106 1516 pacis,
1123 1435 1247 1516 amoris,

124 1537 264 1614 convivii,
287 1537 603 1604 iocunditates-vitae
626 1537 761 1602 rusticae
784 1542 817 1602 ct
839 1538 994 1602 amicitiae
1014 1542 1159 1604 tractare.
1205 1523 1250 1603 Ac

51 1661 54 1670 ·
123 1639 152 1703 si
172 1639 231 1704 boc
252 1639 284 1703 in
310 1645 495 1722 argumento
528 1659 589 1705 non
626 1640 805 1720 acquiescas
842 1640 913 1705 vide
949 1633 1030 1722 'quae
1053 1631 1248 1722 Hart'ungius

122 1742 256 1815 attulitb
286 1744 340 1823 qui
362 1743 548 1810 sententiam
577 1761 667 1808 suam
701 1761 764 1824 qua
797 1742 871 1808 dicit
904 1748 1072 1824 propterea
1094 1743 1249 1808 Tibullum

122 1844 199 1910 nibil
222 1845 261 1910 de
283 1844 342 1910 bac
363 1861 469 1928 pugna
479 1846 595 1916 dixisse
618 1845 702 1927 quod
724 1846 782 1911 boc
804 1845 972 1911 certamine
985 1845 1138 1911 Antonius
1162 1847 1248 1927 cuius

124 1947 242 2014 amicus
265 1951 359 2014 antea
381 1947 518 2014 Messala
546 1947 651 2016 fuerat
672 1949 773 2014 victus
806 1953 864 2029 est,
900 1953 932 2014 et
951 1953 1035 2014 certe
1051 1949 1189 2015 Tibullus
1212 1968 1249 2014 co

123 2049 294 2133 gratiorem
316 2051 416 2115 arnico
438 2069 472 2116 se
494 2051 639 2133 reddidit,
662 2052 746 2134 quod
772 2051 855 2116 illius
884 2050 1038 2116 amicitiae
1061 2052 1249 2117 mentionem

122 2171 184 2218 non
206 2152 280 2218 fecit
300 2153 516 2234 urorsnsmiui
533 2154 823 2236 quidemprobarit.
875 2154 1140 2222 verisimillimum
1155 2154 1251 2235 igitur

126 2259 274 2337 putamus
295 2254 450 2324 Tibullum
481 2275 609 2339 -pugnae
643 2257 789 2322 Actiacae
812 2256 1033 2332 interfuisse.²)
1078 2258 1250 2338 Postquam

125 2363 233 2423 autem
254 2359 297 2423 ibi
319 2365 493 2444 pugnaturn
516 2364 566 2425 est
587 2379 656 2426 curn
668 2359 806 2424 Messala
828 2359 859 2424 in
871 2360 1031 2425 Orientem
1053 2359 1249 2440 profecturus

116 2465 213 2526 esset
234 2466 329 2542 poeta
352 2481 423 2528 eum
447 2463 588 2534 comitari
610 2462 709 2527 voluit
730 2464 787 2527 sed
808 2462 917 2528 morbo
940 2467 1065 2526 coactus
1094 2462 1126 2526 in
1148 2463 1250 2527 insula

127 2563 263 2646 Corcyra
295 2565 459 2643 remansit3
497 2566 549 2629 ubi
586 2565 718 2646 elegiam
756 2564 882 2629 tertiam
919 2566 1108 2646 composuit..
1146 2566 1249 2642 Quare

128 2665 262 2731 efficitur
285 2685 409 2732 cannen
431 2669 559 2733 tertium
593 2673 665 2732 ante
698 2667 841 2748 primum,
866 2685 935 2732 esse
973 2667 1177 2747 compositum
1212 2669 1250 2732 de

124 2789 187 2850 quo
209 2770 298 2834 inter·
312 2770 394 2838 viros
417 2772 446 2835 d.
471 2758 572 2839 adhuc
606 2771 757 2836 dissensio
791 2775 869 2836 erat.
915 2770 1010 2835 Cuius
1043 2770 1168 2851 quidem
1201 2771 1248 2834 roi

126 2891 195 2936 curn
217 2891 328 2936 causas
351 2893 534 2954 quaererem
557 2874 613 2938 bas
636 2873 832 2938 inveniebam
854 2875 941 2952 (luas,
983 2893 1076 2938 unam
1100 2874 1182 2954 quod
1217 2874 1247 2937 in

128 2975 266 3070 camnine
286 2976 386 3055 primo
410 2977 523 3041 bellurn
548 2977 704 3058 quoddam
728 2997 747 3040 a
769 2975 907 3042 Messala
929 2977 1100 3058 gerendum
1116 2994 1249 3041 comme-

195 3161 218 3228 1)
238 3162 279 3213 De
297 3166 454 3230 panegyrice
472 3165 504 3216 ad
522 3165 662 3238 Messalam
680 3164 946 3218 Pseudo-Tibulliano
964 3164 1026 3221 Hal.
1044 3164 1112 3216 1880
1130 3181 1155 3230 p.
1174 3168 1198 3217 7.

195 3251 221 3314 2}
241 3249 329 3304 Etiam
345 3249 485 3301 Horatium
503 3251 586 3302 eidem
603 3265 706 3317 pugnae
724 3251 873 3300 interfuisse
890 3250 963 3300 nullo
984 3257 1070 3300 tamen
1093 3251 1126 3301 de
1154 3250 1204 3300 bac
1221 3265 1251 3299 re

130 3336 209 3385 verbo
226 3337 255 3386 in
272 3335 430 3386 carminibus
447 3337 517 3387 edito
535 3337 598 3386 mihi
616 3336 720 3400 quidem
745 3350 779 3385 ex
809 3335 926 3400 epod09
955 3337 1018 3385 satis
1036 3336 1106 3386 clare
1136 3336 1239 3385 ridetur

127 3435 263 3487 apparere,
297 3420 365 3471 Nam
388 3422 456 3473 baud
475 3421 553 3472 dubie
569 3428 752 3485 argumentum
774 3421 851 3472 huius
868 3419 944 3485 epodl
961 3428 1001 3472 eet
1028 3420 1090 3471 hoc:
1123 3420 1251 3471 Horatius
1316 3461 1317 3464 ,

126 3515 200 3574 optat
217 3514 246 3556 ut
264 3506 313 3558 sibi
331 3509 465 3574 contingat
489 3522 579 3558 rursus
597 3522 654 3557 cum
673 3506 824 3558 Maecenate
853 3507 901 3556 sub
930 3505 985 3557 elta
1013 3506 1090 3557 domo
1118 3508 1245 3558 rictorem

128 3594 267 3644 Gaesarem
280 3583 427 3649 'celebrere
463 3593 495 3645 ln
521 3593 642 3644 convivio
663 3599 803 3658 occupatus
829 3599 870 3643 est
897 3591 929 3648 ol.
959 3607 985 3650 v.
1013 3591 1047 3645 33
1079 3591 1245 3657 ‚Gapaciores

127 3679 193 3730 effer
211 3679 272 3744 buo,
288 3694 361 3744 puer,
378 3678 496 3745 scyphos‘
513 3687 597 3744 etque,
609 3679 635 3728 id
653 3675 757 3742 quidem
775 3679 801 3729 in
819 3678 882 3729 navi
900 3677 1018 3740 babetur,
1036 3678 1105 3742 quod
1123 3693 1155 3727 ex
1174 3693 1251 3728 versu

130 3765 176 3821 35:
197 3766 274 3830 ,quod
292 3763 414 3815 fluentem
431 3765 556 3816 nauseam
572 3767 698 3816 coereeat*
708 3763 853 3816 luculenter·
869 3771 986 3830 apparet,
1003 3774 1054 3828 quo
1063 3763 1127 3814 mibi
1148 3763 1251 3828 quidem

132 3865 187 3902 non
204 3849 311 3901 dublum
328 3856 368 3900 est
385 3850 447 3915 qula
459 3847 537 3916 poete
553 3851 586 3902 de
603 3865 635 3901 eo
653 3863 731 3914 quem
742 3865 791 3901 nos
807 3851 917 3903 diolmue
934 3848 1053 3900 morbum
1070 3848 1192 3914 naualem
1204 3864 1246 3900 oe-

126 3937 258 4009 gltererit.
295 3935 448 4000 Addequod
464 3935 532 3986 dixit
548 3953 591 3996 vv.
608 3934 707 3994 323&
726 3936 831 3998 ‚curem
850 3943 998 4000 metumque
1016 3934 1134 3986 Caesaris
1158 3950 1245 3985 rerum

124 4025 199 4076 luvet
212 4020 216 4091 Ι
227 4022 296 4074 dulci
307 4021 403 4087 ,Lyaeo
420 4023 537 4086 solvere‘,
555 4023 624 4074 uude
641 4029 749 4089 apparet
772 4037 828 4075 rem
846 4037 863 4072 a
880 4021 992 4073 Caesam
1008 4034 1132 4087 prospere
1149 4020 1252 4085 quidem

127 4116 229 4174 gestam
247 4123 311 4171 esse,
327 4107 375 4158 sed
391 4108 506 4163 nondum
524 4110 691 4172 dementem,
709 4116 736 4158 et
753 4123 777 4166 v.
796 4108 829 4161 17
856 4107 904 4171 ‚Ar
920 4105 964 4162 bue
989 4105 1077 4175 (quem
1113 4107 1251 4158 lectionem

130 4185 262 4270 codicibus
286 4191 443 4258 cruquienis
461 4195 642 4248 confirmatam
658 4195 752 4246 ceteris
769 4194 928 4262 praeferam)
945 4193 1086 4244 frementes
1115 4199 1250 4244 verterunt

131 4280 172 4332 bis
189 4281 261 4331 mille
279 4293 358 4344 equos
378 4277 465 4348 laetu
482 4289 605 4331 canentes
623 4280 778 4343 Caesarem‘,
795 4281 814 4335 i.
831 4293 853 4337 e,
877 4280 905 4329 in
930 4278 998 4329 benc
1015 4285 1115 4343 partem
1132 4293 1184 4342 que
1202 4293 1252 4342 ego

130 4375 181 4429 ato,
197 4367 226 4418 iu
244 4372 344 4430 partem
358 4363 573 4417 Caesarisssallie
584 4367 787 4432 transfugerunt,
822 4364 892 4416 'l'ots
908 4365 988 4429 lgltur·
996 4364 1118 4415 carminis
1131 4363 1249 4416 condicio

135 4466 168 4503 ea
184 4458 225 4503 est
240 4459 270 4501 ut
286 4450 401 4502 dubitari
418 4466 470 4501 non
488 4452 571 4516 possit
595 4453 658 4517 quin
675 4452 800 4504 Horatius
828 4453 884 4517 ipse
902 4465 1005 4516 pegusa
1022 4449 1152 4501 Actiacae
1169 4451 1249 4501 inter-

129 4537 218 4596 fuerit,
237 4536 278 4594 Ol,
297 4535 452 4624 buecheler,
468 4536 650 4596 Coniectanea,
671 4537 756 4597 Banu.
774 4529 960 4607 Unlrss-Progr.
980 4535 1114 4607 rata-ta
1131 4552 1157 4623 p.
1177 4535 1221 4598 13.»
