3022 4982
568 291 778 354 -1q'‚..

193 477 430 561 Peropportune
462 484 568 553 uutem
602 478 713 542 accidit
750 478 833 559 quod
855 477 924 542 libri
946 477 1039 558 primi
1068 477 1231 543 Tibulliani

107 583 174 648 fere
198 583 301 648 omnio
317 583 453 647 carmina
475 581 651 664 argumenti
666 581 893 672 necessitudine
915 581 996 645 inter
1023 600 1056 645 se
1073 581 1254 647 coniuncta.

93 690 192 768 nsunt.
238 685 320 750 Nam
343 704 381 748 ex
403 686 509 750 decem
532 684 592 748 illis
615 684 722 766 elegiis
744 701 822 766 quas
844 671 924 748 liber
946 683 1064 764 primus
1088 685 1232 764 continet,

109 790 248 871 quinque
271 788 374 852 sinon
397 805 503 852 omnes
525 787 694 851 in-Deliam
710 787 844 867 scriptae
868 791 941 851 suut
963 792 1102 852 attamen
1124 787 1156 850 in
1171 806 1232 852 uno

110 891 285 972 eodemque
308 895 503 972 argumento,
534 889 643 954 Deliae
666 907 780 968 amore,
803 894 978 969 versantur,
1011 889 1149 972 itemque
1183 908 1234 956 res
1278 907 1282 917 ·

109 1013 146 1060 se
159 995 257 1060 babet
278 994 310 1058 in
326 993 434 1075 elegiis
457 995 485 1059 4.
511 995 538 1060 8.
558 996 593 1058 ·9.
610 1011 691 1073 quae
713 992 745 1057 in
760 992 940 1057 Marathum
952 1011 1085 1073 puerum
1100 992 1234 1074 scriptae
1321 1056 1323 1061 .

110 1085 196 1162 sunt.
241 1095 279 1161 ln
302 1096 413 1179 quibus
437 1095 624 1161 carminibus
658 1113 727 1159 cum
756 1087 891 1176 poetam,
926 1100 963 1160 ut
983 1113 1051 1160 mos
1073 1099 1123 1160 est
1149 1095 1236 1178 lyrici

111 1205 146 1266 et
169 1199 306 1286 elegiaci,
331 1217 438 1264 omnes
461 1197 534 1264 suos
558 1216 669 1262 sensus
692 1198 848 1279 animique
871 1198 1092 1263 commotiones
1114 1198 1235 1280 integre
1300 1239 1302 1243 .

103 1303 316 1384 ¹descripsisse
339 1303 404 1367 veri
427 1302 469 1375 sit
485 1301 596 1381 simile,
619 1299 688 1366 lieri
710 1305 816 1382 potest
831 1306 867 1364 ut
888 1319 926 1364 ex
940 1319 1109 1382 progressu
1130 1321 1236 1366 rerum

10 1409 13 1416 ’
112 1412 147 1472 et
169 1406 395 1471 sententiarum
429 1405 465 1470 in·
483 1404 611 1486 siugubs
639 1403 785 1470 iudicium
813 1401 963 1468 faciamus
997 1404 1035 1468 de
1069 1422 1106 1469 eo
1130 1405 1237 1470 ordine

115 1529 180 1592 quo
205 1529 223 1574 a
245 1513 340 1590 poeta
364 1501 535 1600 composita
558 1512 639 1572 suut.
681 1555 687 1567 .

202 1612 264 1677 Sed
298 1612 350 1676 alii
372 1611 431 1675 viri
463 1611 492 1677 d.
517 1629 586 1675 cum
620 1610 681 1674 alio
709 1627 803 1675 sensu
831 1609 1002 1675 sententias
1030 1610 1142 1676 Tibulli
1169 1630 1238 1692 per-

114 1716 256 1796 ciperent
278 1720 310 1778 et
325 1715 606 1795 interpretarentur
620 1712 737 1781 factum
752 1719 802 1776 est
816 1717 852 1776 ut
867 1713 980 1777 iudicia
1003 1732 1110 1778 eorum
1126 1715 1238 1779 mirum

115 1805 278 1900 quantum
305 1818 386 1882 inter
419 1836 453 1880 se
476 1817 642 1881 vaderent.
687 1816 797 1896 Neque
831 1816 923 1879 aliter
945 1835 995 1880 res
1030 1817 1182 1882 sehabet
1208 1819 1239 1882 in

114 1922 156 1986 iis
172 1921 358 1985 carminibus
375 1938 455 2000 quoe
471 1920 554 1983 nullo
567 1919 743 2000 argumenti
758 1918 877 1982 vinculo
890 1938 959 1983 cum
972 1920 1082 1984 ceteris
1100 1921 1240 1986 coniunc-

115 2030 152 2088 ta
174 2029 255 2088 sunt.
300 2024 382 2086 Nam
405 2023 474 2086 -etsi
496 2021 527 2086 in
552 2023 597 2085 eis
619 2022 695 2102 ipsis
711 2021 896 2102 gravissima
926 2027 1033 2086 extant
1056 2029 1241 2111 argumenta

116 2145 199 2208 quae
223 2145 332 2190 ansam
354 2125 442 2189 bobis
466 2127 638 2206 praebeant
661 2144 752 2188 suum
776 2125 886 2206 cuique
909 2125 941 2188 in
963 2126 1041 2190 libro
1069 2127 1170 2191 locum
1193 2147 1243 2190 as-

119 2229 273 2310 signandi,
297 2233 403 2293 tamen
425 2229 520 2292 etiam
536 2229 575 2292 de
597 2228 645 2291 bis
669 2228 769 2291 adbuc
792 2247 811 2291 a
833 2228 907 2307 viris
938 2229 966 2318 d
985 2229 1147 2292 dubitatur
1171 2250 1241 2295 nec-

117 2333 194 2396 dum
217 2329 359 2413 quaestio
382 2330 549 2412 profligata
572 2336 628 2420 est.
943 2331 946 2339 '
1133 2350 1135 2356 ·

149 2473 151 2476 -
205 2435 267 2500 Sed
294 2435 476 2517 priusquam
505 2436 641 2498 virorum
677 2428 705 2499 d.
721 2434 837 2500 ¹varias
867 2435 1038 2498 sententias
1062 2435 1242 2518 singillatim

50 2567 52 2570 ·
116 2557 337 2602 recenseamus
353 2557 453 2619 pauca
474 2537 705 2618 praemonenda
720 2537 865 2600 videntur
888 2537 925 2600 de
950 2556 988 2601 ea
1010 2539 1131 2602 ratione
1147 2559 1241 2621 quam

116 2643 152 2705 in
173 2642 232 2705 bac
254 2641 436 2726 quaestione
460 2640 654 2721 explananda
681 2639 818 2704 nonnulli
842 2640 924 2704 docti
946 2639 1082 2705 inierunt
1111 2647 1243 2724 eamque
1342 2665 1345 2673 ·

117 2746 155 2812 si·
170 2733 339 2825 sequamur
361 2743 428 2808 lieri
461 2763 522 2808 non
556 2748 662 2823 potest
695 2743 770 2824 quin
804 2743 834 2806 in
869 2744 996 2808 eosdem
1027 2763 1149 2809 errores
1171 2764 1245 2826 gra-

117 2831 263 2912 vissimos
286 2847 478 2934 incurramus
512 2866 549 2911 nc
566 2834 692 2928 reapse
726 2845 794 2932 illos
828 2847 911 2911 viros
950 2847 1118 2912 incurrisse
1151 2842 1244 2913 certis

118 2969 171 3024 me
194 2969 286 3030 spero
310 2951 502 3032 argumentis
525 2951 743 3031 probaturum.
780 3038 784 3048 ι

573 3169 714 3288 'v.

206 3359 321 3427 Poetas
344 3358 573 3443 scriptoresque
607 3379 714 3426 omnes
738 3361 777 3426 ab
811 3357 1000 3441 imperfectis
1035 3359 1075 3425 ad
1097 3358 1244 3444 perfecta,

122 3484 143 3530 a
165 3466 270 3546 parvis
286 3463 326 3529 ad
348 3466 468 3532 maiora
483 3465 639 3546 gradatim
661 3483 697 3528 ac
719 3463 943 3545 pedetemptim
966 3464 1133 3528 escendere
1154 3469 1248 3547 atque

29 3649 31 3654 Α
120 3553 270 3650 progredi
292 3588 383 3633 nemo
407 3568 531 3648 estqui
557 3567 691 3647 nesciat;
714 3585 815 3648 neque
844 3567 998 3631 mehercle
1027 3567 1139 3632 merito
1163 3569 1268 3648 quis·'

122 3691 219 3753 quam
261 3671 415 3736 Tibullum
464 3671 630 3736 contendat
669 3659 707 3734 a¹
744 3669 844 3750 primo
894 3669 1035 3735 tirocinio
1075 3669 1248 3749 perlectum

123 3780 158 3839 et
195 3775 373 3839 absolutum
402 3779 528 3854 poetam
561 3772 672 3853 fuisse;
696 3792 804 3838 verum
838 3779 943 3839 tamen
981 3773 1152 3837 cavendum
1179 3772 1246 3864 est,
1285 3807 1286 3812 κ

122 3897 164 3942 ne
200 3878 279 3942 hauc
315 3877 468 3941 lationem
504 3877 536 3940 in
572 3877 758 3941 carminibus
789 3876 966 3958 digerendis
1000 3877 1141 3968 sequaris
1165 3895 1247 3958 quae

123 3981 184 4045 bac
205 3981 236 4044 in
258 3999 292 4044 re
316 3985 399 4044 certe
430 3981 549 4044 lubrica
571 3986 603 4044 et
623 3981 702 4056 ¹satis
733 3978 828 4070 dubia
865 3985 914 4044 est
950 3980 990 4043 ab
1027 3997 1126 4060 eaque
1164 3981 1249 4044 nulla

122 4083 245 4148 utilitas
288 4083 357 4164 capi
397 4088 503 4162 potest
549 4100 618 4147 cum
660 4101 760 4163 neque
801 4083 867 4146 veri
909 4082 950 4146 sit
988 4081 1087 4146 simile
1106 4073 1108 4078 ’
1124 4067 1250 4162 poetam

125 4205 329 4268 quaecunque
352 4186 524 4267 pepigisset
558 4205 595 4250 eo
623 4186 726 4249 omnia
758 4184 789 4248 in
811 4185 912 4249 lucem
934 4184 1109 4264 prodidisse
1142 4185 1187 4250 ila
1215 4193 1252 4250 ut

100 4290 219 4372 plano
241 4289 473 4370 perspiceretur
494 4307 572 4376 quos
588 4289 704 4370 gradus
728 4287 853 4352 fecisset
875 4287 1058 4368 priusquam
1095 4288 1253 4370 ingenium

126 4392 367 4471 convalesceret,
390 4410 491 4474 neque
503 4391 663 4473 probabile
679 4391 720 4455 sit
737 4391 874 4455 carmina
896 4390 984 4454 nobis
1001 4390 1119 4454 tradita
1136 4391 1252 4472 quippe

127 4514 210 4576 quae
232 4495 319 4560 brevi
342 4493 407 4586 fere
431 4495 532 4576 spatio
556 4494 729 4574 composita
752 4494 814 4558 sint
829 4498 952 4557 tantum
976 4493 1198 4574 compositione
1222 4500 1255 4559 et
