3022 4982
571 294 776 360 ..23-

8 513 9 518 η
106 473 238 546 ferenda
254 479 317 546 sint
331 486 456 565 poetam
478 481 537 548 hac
551 483 672 547 ratione
695 502 715 548 a
736 484 896 565 proposito
913 477 1112 550 aberrantem
1135 505 1230 570 unam

8 647 9 656 ,
108 583 283 664 quamlibet
304 604 370 649 rem
392 585 486 650 latius
509 584 671 666 fusiusque
694 587 840 668 persequi
874 588 999 652 solitum
1027 607 1105 654 esse.
1150 590 1229 655 Rem

8 741 9 768 1
107 686 259 767 exemplis
292 688 425 768 probare
459 685 566 752 studet
598 688 740 769 repetitis
774 688 935 771 'exelegia
962 691 1091 771 decima,
1115 691 1229 758 ubido

105 807 194 869 pace,
230 794 264 854 et
297 789 397 871 elegia
429 795 549 870 octava,
584 790 637 854 ubi
670 790 709 855 de
742 791 773 854 vi
802 792 879 858 artis
901 792 1051 874 magicae,
1075 800 1108 858 θῖ
1130 795 1230 876 elegia

8 945 9 948 ,
106 897 230 972 quarta,
255 893 308 957 ubi
319 894 358 957 de
381 893 530 975 temporis
541 892 617 975 fuga
638 892 780 974 pluribus
803 895 914 977 agitur.
960 894 1022 960 Sed
1043 897 1159 961 namin
1180 897 1229 962 his

7 975 9 1050 Ϊ
106 994 182 1059 solis
206 997 393 1061 carminibus
420 995 452 1061 id
474 996 682 1077 perspicitur?
715 996 816 1074 Quid?
839 997 922 1077 quod
945 997 1040 1062 etiam
1073 999 1104 1062 in
1127 1000 1249 1081 elegia·

106 1099 202 1162 tertia
225 1117 320 1185 quam
342 1098 508 1164 Teuffelius
530 1098 598 1179 ipse
620 1093 738 1162 latetur
760 1103 793 1162 et
814 1100 1036 1179 compositione
1059 1107 1091 1166 et
1117 1121 1151 1166 re
1174 1103 1228 1168 ad·
1313 1094 1316 1100 ’

7 1197 9 1224 ²
104 1199 279 1265 mirabilem
291 1220 360 1266 esse
372 1202 454 1266 idem
476 1201 652 1268 invenitur?
695 1202 757 1266 Per
772 1203 947 1285 quindecim
962 1203 1044 1267 enim
1059 1223 1168 1268 versus
1185 1206 1228 1269 ibi

7 1317 8 1388 ζ
104 1308 201 1382 poeta
223 1305 450 1384 praestantiam
483 1305 655 1385 priscorum
678 1323 799 1369 morum
827 1305 961 1370 Saturno
984 1313 1134 1387 regnante
1157 1326 1228 1388 per·
1345 1381 1348 1388 ,

7 1401 8 1454 3
106 1405 232 1486 scripsit
244 1411 339 1487 atque
361 1407 393 1470 in
408 1407 518 1472 eodem
541 1407 677 1472 carmine
688 1407 829 1487 pluribus
844 1408 986 1472 versibus
1001 1407 1098 1491 Elysii
1114 1411 1228 1490 gaudia
1261 1432 1264 1437 ’

7 1501 8 1506 ’
105 1520 287 1590 poenasque
320 1509 444 1574 Tartari
478 1509 626 1590 depinxit.
649 1568 651 1573 ,
677 1510 781 1587 Quare
814 1511 893 1575 adeo
926 1529 987 1576 non
1020 1511 1159 1578 adducor
1193 1520 1229 1578 ut

7 1617 8 1630 ¹
106 1610 227 1675 crimini
260 1617 381 1678 vertam
403 1617 516 1693 poetae
550 1613 634 1693 quod
655 1613 706 1678 bic
727 1613 789 1678 illic
811 1633 830 1678 a
852 1613 1013 1694 proposito
1050 1614 1229 1683 discesserit

7 1709 8 1718 ’
105 1719 139 1776 θῖ
162 1733 255 1778 unam
282 1707 355 1780 ¹rem
379 1699 464 1796 quae*
493 1734 562 1780 cum
585 1716 696 1780 ceteris
730 1717 892 1781 sententiis
915 1716 1059 1790 carminis
1080 1717 1227 1785 interiore

7 1791 9 1832 '
104 1835 189 1880 nexu
212 1816 359 1882 cohaeret
374 1818 515 1899 pluribus
536 1823 720 1898 persecutus
733 1820 774 1883 sit
795 1824 831 1883 ut
852 1838 913 1883 non
936 1819 1075 1883 dubitem
1102 1821 1134 1885 id
1155 1841 1227 1902 pro-

7 1901 9 1986 l
103 1919 208 1998 prium
231 1939 300 1984 esse
322 1920 515 1985 Tibulbanae
537 1940 669 2002 poeseos
692 1920 803 1988 dicore.
850 1922 892 1986 Αῖ
920 1921 994 2001 quid
1022 1921 1093 1987 illae
1115 1922 1226 1990 laudes

7 2095 8 2100 ἵ
104 2022 158 2085 dei
180 2023 327 2105 Aegyptii
361 2024 401 2087 ad
423 2023 614 2088 Messalam?
642 2025 685 2101 Αῖ
705 2025 764 2090 hoc
786 2043 846 2089 non
870 2030 939 2089 erat
960 2025 1155 2104 propositum
1178 2028 1227 2092 Ti-

102 2124 189 2190 bullo
212 2132 249 2189 ut
272 2126 406 2191 carmine
440 2125 527 2207 epioo
556 2146 606 2191 res
629 2146 761 2211 magnas
784 2127 940 2192 Messalae
975 2127 1147 2194 celebraret
1170 2133 1226 2196 sed
1304 2129 1306 2133 ’

7 2221 8 2298 J
99 2227 140 2290 iis
164 2211 386 2310 persequendis
410 2248 479 2294 cum
506 2236 591 2295 recte
613 2231 818 2295 intellexisset
853 2232 1011 2313 ingenium
1042 2251 1133 2297 suum
1170 2234 1227 2298 im-

97 2349 163 2411 par
185 2349 262 2410 esse,
279 2331 364 2396 misit
386 2333 509 2397 omnino
532 2333 601 2397 illas
624 2352 674 2397 res
698 2339 730 2398 et
745 2334 823 2398 abiit
844 2334 875 2397 in
897 2335 1106 2400 iocunditates
1122 2347 1226 2401 rerum

97 2433 292 2498 rusticorum
315 2435 535 2500 describendas
573 2436 604 2500 in
627 2436 740 2517 quibus
763 2437 837 2500 solis
860 2438 994 2517 putabat
1021 2439 1105 2502 vitae
1128 2438 1227 2505 felici-

97 2541 204 2600 tatem
224 2538 360 2617 positam
393 2557 462 2603 esse
493 2557 662 2619 eorumque
686 2544 844 2603 auctorem
868 2540 984 2604 Osirim
1007 2541 1225 2608 celebrandum

98 2639 164 2702 sihi
186 2641 319 2720 sumpsit
342 2660 405 2722 qua
437 2661 471 2705 re
495 2649 527 2706 et
549 2659 673 2712 carmen
706 2642 808 2721 ipsum
832 2643 993 2707 exornavit
1015 2648 1047 2707 et
1068 2645 1223 2711 Messalae
1248 2727 1249 2732 ἵ

97 2741 159 2823 qui
190 2743 256 2806 sino
279 2743 373 2809 dubio
406 2745 437 2808 in
459 2745 511 2810 illa
534 2750 619 2810 terra
654 2745 686 2808 in
709 2763 771 2825 qua
794 2744 892 2809 Orisis
915 2746 1036 2826 indiges
1071 2754 1140 2812 erat
1173 2769 1224 2814 res

96 2846 261 2926 praeclare
294 2833 437 2928 gesserat
469 2848 618 2913 honorem
651 2848 760 2912 tribuit
796 2848 944 2914 debitum.
996 2849 1086 2914 Tales
1120 2867 1223 2917 rerum
1254 2863 1256 2869 “
1299 2863 1303 2870 ’

7 3001 8 3006 ,
97 2948 290 3013 rusticarum
313 2950 537 3036 descriptiones
559 2951 717 3032 plerisque
741 2947 853 3032 olegiis‘
871 2951 983 3016 Tibulli
994 2953 1128 3018 insertas
1153 2974 1222 3029 esse

7 3067 8 3084 ¹
98 3051 172 3132 quis
195 3058 245 3114 est
267 3051 340 3140 quin
364 3053 464 3117 sciat?
496 3052 639 3133 Exempli
676 3055 778 3134 gratia
807 3055 927 3135 respice
949 3048 1079 3137 quaeso
1090 3057 1223 3139 elegiam

96 3153 235 3236 primam
250 3159 283 3218 et
304 3155 444 3235 quintam
474 3156 527 3220 ubi
549 3155 689 3237 pluribus
705 3158 847 3222 versibus
862 3163 957 3237 poeta
980 3145 1095 3240 gaudia
1106 3163 1223 3227 rustica

97 3257 241 3321 suaviter
263 3257 403 3338 depinxit
436 3277 517 3339 quae
540 3259 689 3340 sperabat
722 3259 788 3324 fore
817 3266 853 3325 ut
875 3261 933 3325 sibi
957 3262 1174 3344 contingerent
1196 3266 1223 3329 si

85 3359 191 3424 ‘Delia
224 3361 327 3440 ipsum
363 3359 417 3425 rus
451 3363 661 3428 comitaretur.
704 3362 826 3450 ¹Quibus
861 3364 892 3427 in
920 3365 1106 3429 carminibus
1143 3367 1222 3432 adeo

95 3482 161 3526 non
183 3482 202 3526 a
224 3465 386 3544 proposita
407 3484 441 3529 re
454 3465 617 3555 aberravit
632 3471 669 3530 ut
691 3466 730 3530 ab
752 3466 839 3530 initio
862 3467 1017 3547 usquead
1040 3467 1134 3533 finem
1156 3489 1222 3534 car·
1313 3509 1314 3514 κ
1409 3501 1411 3506 “

95 3565 191 3630 minis
224 3559 294 3630 cam
326 3568 462 3632 maxima
505 3568 653 3650 religione
677 3569 885 3647 observaret
922 3570 978 3634 sed
1006 3578 1147 3636 moratus
1172 3579 1222 3639 est

94 3669 148 3732 hic
169 3667 231 3733 illic
252 3675 288 3734 ut
310 3670 448 3752 singulas
465 3676 571 3752 partes
595 3672 773 3737 exornando
796 3669 940 3737 effectum
957 3674 1131 3738 sententiae
1153 3681 1221 3741 toto

8 3773 9 3778 ’
97 3772 236 3836 carmine
261 3791 428 3853 expressae
450 3775 599 3839 maiorem
622 3775 778 3840 redderet.
824 3776 852 3839 Α
875 3779 936 3856 quo
951 3796 1045 3845 ,more
1067 3796 1106 3842 ne
1128 3779 1161 3842 in
1184 3799 1221 3848 eo

98 3875 226 3956 quidem
251 3876 385 3940 carmine
409 3877 552 3942 discessit
585 3878 708 3960 dequo
732 3878 843 3960 agitur.
889 3878 970 3944 Nam
1002 3879 1074 3944 huic
1097 3899 1220 3963 quoque

11 3978 13 3988 ”
97 3978 229 4043 carmini
262 3979 370 4059 procul
403 3981 497 4045 dubio
530 3981 562 4045 id
593 3982 711 4046 consilii
745 3987 870 4046 secutus
904 4000 1009 4047 rerum
1032 3964 1220 4049 rusticarum
1313 3990 1315 3995 '

95 4069 339 4162 descriptionem
362 4082 501 4165 inseruit,
525 4090 561 4149 ut
583 4103 621 4148 ea
643 4084 850 4165 pulchriorem
865 4085 1012 4150 redderet
1034 4086 1130 4151 totius
1154 4106 1220 4152 car·

12 4183 13 4188 ’
96 4185 190 4250 minis
225 4184 368 4250 effectum
403 4186 498 4268 idque
531 4189 634 4268 ipsum
667 4189 774 4270 generi
807 4190 943 4270 elegiaco
978 4190 1217 4258 convenientius

8 4252 15 4328 Ι
47 4288 52 4300 ’
96 4287 216 4352 Verum
240 4288 309 4353 viae
332 4309 351 4352 a
373 4290 511 4354 Messala
533 4297 652 4356 stratae
675 4292 806 4357 Latinae
830 4293 1122 4358 commemoratione
1144 4295 1219 4375 quid

7 4369 231 4558 Qluerit
253 4387 348 4473 poeta
370 4393 515 4474 equidem
530 4395 658 4485 nescioq
672 4395 749 4460 haec
772 4401 855 4460 certe
878 4396 908 4460 in
924 4381 1059 4461 carmine
1082 4397 1218 4486 elegiaco

131 4500 204 4576 epta
226 4501 259 4561 θῖ
280 4495 410 4562 ridicula
433 4502 482 4562 cst
523 4497 583 4562 nisi
605 4497 685 4588 sorte
708 4499 805 4566 voluit
831 4503 934 4581 poeta,
959 4499 990 4563 id
1013 4498 1096 4579 quod
1117 4500 1242 4566 visum*

104 4759 117 4949 l
