3022 4982
488 343 793 404 ¹-13--

130 549 192 610 que
230 531 337 594 statim
374 527 510 595 defuncti
552 549 654 595 annuo
693 550 820 595 munere
858 531 888 594 in
926 550 979 594 ens
1017 551 1086 596 cnm
1122 530 1253 610 imperio

125 632 225 698 ibant.
272 629 470 698 Demandata
492 633 599 714 procul
622 633 717 698 dubio
740 634 895 698 Messalae
917 635 980 698 iam
1003 640 1070 698 tum
1093 640 1162 699 erat
1184 653 1255 714 pro·
1294 669 1295 675 κ

122 736 225 800 vincia
248 735 350 800 Gallia
373 736 604 801 Narbonensis‘
650 736 748 814 Quem
773 742 900 801 secutus
914 743 963 801 est
985 737 1120 801 Wiosius
1154 737 1183 827 (lt.
1215 738 1254 817 c.)

121 857 180 902 nec
201 857 263 902 non
279 839 450 903 Hanlrelius
474 839 504 920 (l.
523 847 571 913 ο.)
585 840 637 920 qui
654 839 800 920 quoniam
822 846 965 920 utsupra
987 840 1120 906 diximus
1132 840 1247 905 bellum

122 941 345 1023 Aqrritanionm
368 943 456 1006 annis
481 944 543 1006 725
567 949 599 1006 et
623 944 684 1006 726
707 943 921 1007 tribuit'hanc
943 945 1026 1008 viam
1049 964 1087 1008 ex
1108 944 1167 1008 hoc
1194 943 1256 1006 dis-

123 1043 251 1120 crimine
274 1044 440 1127 effugiendi
462 1046 598 1111 instituit
621 1051 655 1109 ut
677 1046 846 1111 Messalam
884 1048 1087 1111 contenderet
1123 1051 1253 1127 propter

93 1160 96 1168 '
123 1148 240 1212 bellurn
264 1133 333 1214 curn
355 1149 489 1214 Antonio
512 1150 682 1230 gerendum
705 1169 765 1213 non
802 1149 910 1213 statim
933 1149 985 1213 ubi
1023 1145 1156 1230 primum
1196 1150 1249 1213 do-

122 1252 250 1317 functus
273 1257 358 1316 esset
380 1253 542 1317 consulatu
564 1253 595 1317 in
617 1253 807 1333 provinciam
830 1255 1077 1344 quam'sortitus
1101 1258 1186 1317 esset
1208 1253 1256 1316 ire

75 1347 77 1352 ’
123 1355 266 1432 potuisse
289 1355 345 1419 sed
368 1375 405 1418 ex
428 1356 503 1422 Asia
526 1356 578 1420 ubi
601 1375 670 1421 cum
687 1357 856 1422 Octaviano
879 1362 1089 1423 commoratus
1112 1361 1257 1420 essetne-

123 1477 253 1522 versum
290 1478 316 1523 a.
356 1458 481 1523 demum
510 1461 570 1524 725
594 1460 750 1540 accepisse
774 1461 813 1526 ab
847 1481 883 1526 eo
906 1459 1096 1541 provinciam
1120 1459 1255 1523 Galliam

93 1613 96 1620 ,
124 1562 374 1641 Narbonensem,
399 1581 468 1628 cum
492 1563 522 1625 in
544 1563 671 1644 Belgica
693 1564 851 1644 provincia
874 1562 1121 1628 administranda
1145 1562 1255 1627 eodem

125 1664 194 1728 fere
233 1669 373 1745 tempore
397 1666 515 1730 Nonius
539 1665 647 1730 Gallus
684 1667 858 1746 excepisset
881 1667 913 1732 C.
953 1666 1148 1732 Carnuntem
1186 1665 1257 1728 inde

128 1767 342 1832 decedentem.
387 1769 498 1832 Totam
521 1769 601 1832 enim
625 1768 808 1833 Galliama
841 1770 925 1834 Julio
949 1769 1084 1834 Caesare
1122 1789 1150 1832 a.
1188 1768 1256 1836 tere
1334 1765 1336 1768 ’

55 1953 59 1961 ¹
128 1871 192 1948 709
217 1869 349 1945 induas
374 1877 480 1951 partes
504 1871 726 1950 essedivisam,
741 1892 835 1954 quarn
852 1873 1034 1938 divisionem
1051 1871 1256 1936 Octavianum

127 1974 190 2037 etsi
213 1994 240 2038 a.
266 1976 327 2056 71¹5
351 1975 509 2055 Agrippae
533 1979 632 2038 totam
656 1975 791 2040 Galliam
814 1976 1021 2040 commisisset
1044 1980 1148 2038 tamen
1182 1979 1256 2037 ante

127 2097 157 2143 a.
184 2079 244 2142 729
266 2095 327 2140 non
350 2078 448 2141 videri
471 2078 645 2142 sustulisse.
673 2115 708 2122 -
734 2067 889 2143 Ηοσεειηθ
906 2083 1025 2143 rectum
1041 2084 1105 2156 est;
1119 2082 1258 2141 attamen

125 2180 303 2244 rationibus
327 2180 366 2243 ab
389 2180 544 2264 Hanlrelio
574 2180 676 2245 allatis
711 2181 786 2246 milri
822 2183 948 2262 quidem
981 2179 1166 2262 persuaderi
1198 2199 1260 2243 non

125 2287 235 2363 potest
256 2283 470 2362 proconsulari
498 2287 656 2363 potestate
679 2284 848 2348 Messalam
883 2284 1056 2364 praefuisse
1079 2282 1256 2364 provinciae

127 2384 260 2463 Galliae,
283 2386 315 2449 in
338 2404 429 2466 quern
453 2405 594 2470 errorem
616 2387 674 2451 viri
697 2388 780 2472 docti
803 2388 887 2451 hand
916 2388 1009 2451 dubie
1047 2406 1084 2450 ea
1107 2404 1141 2449 re
1175 2386 1260 2449 ducti

127 2493 204 2552 sunt
230 2488 313 2568 qnod
342 2488 507 2552 voluerunt
535 2494 655 2553 rectum
692 2490 830 2554 ordinem
849 2517 852 2524 ·
868 2509 1031 2554 munerum
1065 2489 1260 2578 publicorum

92 2583 96 2589 ’
128 2591 244 2672 quibus
276 2590 399 2655 lirnctns
434 2596 482 2654 est
505 2591 641 2668 Messala
678 2587 867 2656 constituere
932 2581 1190 2656 Certe‘Messala
1229 2591 1260 2654 in
1332 2663 1335 2670 .

128 2693 236 2775 aliqua
258 2695 415 2774 provincia
437 2714 494 2775 pro
518 2694 642 2759 consule
665 2693 737 2773 tuin
764 2714 865 2775 neque
889 2702 994 2760 tamen
1017 2694 1114 2758 evinci
1152 2698 1259 2774 potest

127 2795 325 2861 Narbonensi
338 2796 529 2862 Galliaehoc
543 2797 757 2878 imperiosum
770 2798 983 2879 praepositum
999 2797 1104 2862 luisse.
1149 2797 1259 2877 Neque
1276 2832 1277 2838 κ

127 2899 162 2962 id
190 2905 273 2964 recte
296 2919 333 2962 ex
356 2899 446 2963 fastis
459 2899 649 2979 Capitolinis
673 2901 703 2964 in
728 2902 811 2982 qnod
835 2902 928 2982 quasi·
937 2901 1080 2964 ultimum
1103 2899 1259 2980 refugium

132 3001 245 3081 aliquis
269 3003 369 3088 possit
392 3021 425 3066 so
449 3003 596 3084 recipere,
624 3008 708 3067 recte
741 3005 936 3092 perspicitur..
982 3005 1024 3068 Hi
1058 3003 1183 3084 quidem
1217 3001 1261 3082 sic

133 3104 295 3177 exhibent:
742 3118 744 3122 ·
851 3153 852 3156 ¹

247 3207 288 3272 M.
314 3207 535 3272 Valerius
558 3209 656 3273 M.‘F.
681 3209 721 3273 M.
745 3209 783 3273 N.
807 3209 1008 3274 Messala
1031 3229 1058 3273 a.
1095 3210 1156 3271 726

166 3310 505 3375 CorvinusPro.
530 3311 621 3377 Cos,
645 3312 712 3376 Ex.
737 3311 996 3389 GalliaVll.
1021 3311 1111 3375 Kal.
1137 3311 1228 3380 oct.

131 3415 187 3478 sed
202 3433 301 3491 nemo
312 3434 393 3498 nunc
405 3415 529 3496 ignorat
540 3433 600 3478 non
613 3413 779 3496 significari
791 3415 822 3478 in
835 3413 1121 3494 fastis'Capitolinis
1134 3413 1260 3478 solitum

131 3537 202 3582 esse
215 3537 286 3581 eum
297 3518 517 3598 magistratum
527 3515 620 3598 quem
633 3517 881 3598 triumphaturus
895 3522 962 3580 tum
979 3516 1167 3580 obtinuisset
1187 3533 1256 3579 cum

131 3639 269 3684 summos
281 3620 414 3687 honores
425 3623 607 3698 mereretur,
622 3621 677 3684 sed
690 3639 762 3684 eum
775 3621 829 3701 qui
840 3609 875 3683 ei
886 3620 935 3683 die
948 3618 1129 3700 triumphali
1142 3618 1259 3682 contin-

50 3750 56 3762 ·
132 3728 230 3804 geret.
277 3721 325 3803 (cl.
340 3722 482 3787 Momms.
496 3723 514 3788 l.
531 3742 554 3786 c.
568 3742 595 3804 p.
615 3723 684 3787 127.
697 3728 760 3787 not.
776 3724 817 3797 3.)
852 3723 964 3804 ltaque
976 3721 1175 3785 verisimilius
1188 3739 1259 3783 mea

133 3825 288 3890 sententia
303 3825 427 3890 videtur
449 3821 521 3890 eum
540 3845 609 3891 cum
622 3826 751 3908 imperio
768 3824 1015 3889 extraordinario
1028 3823 1069 3888 ad
1085 3823 1265 3903 Aquitanos

134 3947 153 3992 a
180 3927 314 4004 Caesare
337 3927 467 3992 missum
491 3947 560 3993 esse
584 3934 708 3993 utrem
723 3923 957 4010 eirrsauspiciis
981 3945 1043 3991 non
1055 3925 1119 3990 suis
1133 3926 1265 4013 gereret,

118 4049 295 4094 reversum
317 4034 424 4094 autem
446 4031 616 4096 aCaesare
639 4030 854 4112 proconsulari
875 4035 1034 4112 potestate
1057 4028 1113 4093 sed
1146 4028 1177 4091 in
1210 4027 1267 4090 tri-

29 4125 35 4134 '
104 4125 313 4214 umplralem
336 4137 458 4197 tantum
482 4135 565 4198 diem
588 4139 772 4198 exornatum
795 4139 873 4198 esso.
919 4131 969 4214 (cf.
1000 4131 1143 4221 Momms.
1178 4131 1198 4193 l.
1240 4150 1266 4194 c.

133 4255 162 4317 p.
191 4237 249 4297 127
285 4240 340 4300 not
372 4221 398 4300 3.
418 4237 460 4306 5.;
484 4237 548 4301 Das
572 4256 623 4300 am
646 4237 785 4301 scblnsse
808 4235 1036 4315 vollstaendige
1068 4232 1261 4304 verzeich'nis

134 4338 191 4403 der
212 4337 368 4420 triumphe
391 4329 477 4401 stibrt
498 4339 577 4403 nach
602 4339 673 4403 dem
696 4339 859 4404 aktischen
881 4338 928 4402 bis
950 4357 988 4401 zu
1020 4337 1091 4400 dem
1125 4354 1177 4398 am
1217 4336 1266 4398 26.

133 4442 337 4506 lanuarias
360 4440 530 4521 geleierten
553 4442 619 4505 des
654 4441 911 4524 Sestnpuleius
934 4459 973 4505 ex
1005 4438 1161 4520 Hispania
1195 4437 1264 4502 eine

133 4543 243 4622 anzahl
257 4539 325 4608 'von
348 4543 525 4626 triumphen
548 4543 610 4624 auf,
634 4545 689 4609 die·
706 4564 765 4610 nur
788 4543 844 4610 aul
864 4542 1156 4611 stellvertretendes
1181 4559 1264 4610 com-
