3022 4982
594 245 802 360 -ao'-
930 351 977 392 ,-

138 491 190 551 cst
225 485 299 566 quin
327 485 394 566 ipso
417 503 454 548 eo
476 479 613 548 Tibullus
635 483 750 548 famam
788 483 944 564 quandam
981 483 1188 564 acquisiverit,
1226 484 1259 549 id

136 589 235 670 igitur
257 593 289 652 et
310 587 412 668 ipsum
435 589 509 654 ante
531 605 557 652 a.
578 585 638 649 726
661 585 774 666 publici
796 586 872 650 iuris
885 602 954 650 esse
977 585 1102 666 fa'ctum.
1148 588 1258 669 Neque

137 697 244 756 tamen
266 690 337 755 inde
366 691 507 771 sequitur
528 686 681 752 Tibullum
715 689 830 770 elegias
864 690 999 754 edidisse
1032 690 1169 771 singulas
1203 695 1258 754 aut

137 812 254 874 paucas
277 799 399 868 tautum
422 790 786 872 comprehendamus
808 793 874 856 ucri
896 792 1026 856 similius
1038 792 1161 857 videtur
1176 812 1257 873 eum,

97 909 102 918 ·
137 903 175 961 ut
195 891 263 961 tum
286 915 352 961 mos
376 900 444 960 erat
466 895 660 975 scriptorum,
685 895 821 959 carmina
849 913 907 959 sua
934 895 1041 960 amicis
1064 896 1180 976 quoin
1202 915 1258 960 nu-

137 1018 225 1063 mero
247 1004 316 1065 erat
338 998 474 1064 Ovidius
488 997 763 1078 recitavisse,‘quo
786 995 902 1062 factum
925 1003 974 1062 ost
1001 1003 1037 1062 ut
1067 1017 1139 1062 mox
1171 999 1257 1062 inno·
1288 1012 1291 1019 ·

136 1107 302 1170 tcscercnt.
345 1101 440 1166 Errat
461 1101 557 1182 igitur
577 1097 786 1164 Baehrensius
809 1119 847 1165 ex
868 1099 921 1166 illo
943 1101 1010 1166 loco
1033 1099 1184 1166 Ovidiano
1197 1101 1257 1165 col·
1378 1139 1381 1145 -
1459 1097 1462 1104 “

106 1209 109 1218 ’
137 1203 239 1286 ligans
261 1200 399 1287 singulas
422 1203 523 1268 editas
546 1219 615 1268 esse
638 1203 754 1284 elegias
777 1203 919 1284 primam,
937 1203 1114 1283 secundam,
1131 1204 1258 1268 tertiam

137 1311 263 1374 antea.
289 1309 365 1386 ‘1263
388 1306 483 1372 immo
509 1303 588 1372 liber
620 1305 740 1386 primus
761 1305 793 1370 in
824 1305 926 1374 lucem
957 1303 1076 1387 prodiit
1096 1310 1195 1372 ‘totus
1228 1325 1257 1375 a.

137 1409 199 1474 727
222 1411 272 1476 161
292 1410 386 1491 paulo
407 1414 493 1490 posu
516 1427 588 1474 nam
610 1413 704 1474 antea
731 1427 803 1474 cum
836 1408 959 1474 editum·
988 1423 1058 1474 esse
1091 1409 1256 1491 quominus

136 1513 349 1579 existimemus
371 1511 592 1593 impedimento
614 1516 664 1576 est
685 1511 786 1593 elegia
807 1511 947 1591 septima,
962 1531 992 1576 a.
1017 1513 1078 1576 727
1101 1512 1227 1593 scripta.
1347 1545 1355 1563 ·

101 1687 106 1694 ,
175 1661 180 1676 .
222 1616 309 1682 Haec
330 1615 426 1681 habui
447 1631 528 1696 quaa
549 1614 581 1678 in
604 1613 786 1679 Baehrensii
816 1615 1007 1681 seutentiam·
1036 1614 1186 1695 dicerem3
1209 1633 1257 1681 re-

67 1715 70 1722 '
137 1721 203 1784 stat
224 1722 261 1784 ut
282 1718 477 1800 disputemus
500 1716 538 1782 de
561 1715 717 1782 sententia
739 1715 886 1800 Ooetzii1)
909 1717 963 1799 qui
984 1716 1075 1800 longe
1098 1711 1190 1784 aliter
1211 1719 1258 1783 iu-

6 1801 8 1812 ’
101 1841 104 1849 ·
136 1821 243 1890 dimus
265 1826 360 1903 atque
383 1821 411 1885 ei
433 1819 492 1886 viri
513 1820 596 1886 docti
617 1838 750 1901 quorum
772 1820 943 1886 sententias
965 1819 1067 1886 adhuc
1093 1821 1255 1888 attulimus

137 1922 226 1989 nobis
248 1924 438 2008 persuadere
472 1923 578 1988 studet
599 1923 720 1987 Deliam
754 1942 793 1988 eo
826 1928 967 2005 tempore
1000 1942 1061 2005 quo
1095 1923 1255 1990 aTibullo

98 2057 102 2068 ·
138 2027 235 2090 amari
259 2032 369 2108 coeptu
402 2032 486 2091 esset
518 2030 648 2106 nuptam
682 2024 787 2104 fuisse,
820 2031 887 2090 tum
921 2027 986 2091 sive
1018 2033 1119 2093 morte
1136 2019 1254 2102 marit'
1314 2093 1317 2100 ,

139 2129 203 2192 sive
226 2129 295 2210 lege
318 2129 547 2194 matrimonium
571 2129 707 2193 solutum
730 2147 808 2208 esse,
832 2134 926 2210 atque
949 2129 1029 2195 hunc
1063 2132 1174 2195 statuit
1208 2150 1256 2196 or-

98 2280 103 2292 .
137 2231 239 2296 dinem
262 2234 308 2314 12,
327 2234 355 2297 6.
380 2234 408 2295 3.
436 2235 461 2295 1.
487 2233 566 2305 blut
588 2232 725 2296 carmina
747 2251 785 2296 ea
813 2233 925 2314 quibus
939 2238 1045 2313 nupta
1057 2233 1147 2299 Delia
1167 2233 1256 2298 nobis

136 2338 392 2415 repraesentatur
404 2318 594 2398 'antecedant
605 2339 745 2414 tempore
758 2337 877 2401 ceteris.
922 2335 1070 2399 Rationes
1094 2334 1256 2400 aGoetuio

38 2477 42 2486 ·
137 2437 247 2503 allatas
270 2429 348 2518 quas
369 2438 543 2502 levissimas
565 2441 641 2516 puto
663 2437 713 2501 hic
735 2456 882 2502 enarrare
903 2437 1030 2518 longum
1052 2443 1114 2517 est3
1139 2437 1179 2501 ad
1202 2457 1256 2504 eas

136 2539 322 2606 refellendas
345 2541 422 2606 satis
445 2521 641 2605 erit'dixisse
665 2540 796 2622 elegiam
824 2541 991 2604 secundam
1019 2544 1097 2608 ,aute
1130 2541 1255 2604 tertiam

136 2642 285 2722 scriptam
308 2661 378 2708 csse
400 2663 461 2709 non
483 2649 576 2724 po'sse
599 2643 745 2723 quoniam
779 2662 850 2707 cum
870 2643 971 2724 elegia
1003 2643 1098 2707 tertia
1132 2661 1255 2723 compo·
1317 2725 1320 2731 ,
1362 2651 1370 2676 ⁸

136 2750 262 2809 ueretur
273 2745 410 2810 Messala
432 2747 462 2810 iu
475 2746 633 2810 Orientem
656 2744 850 2826 prolecturus
865 2752 952 2826 crat,
968 2751 1118 2826 ‚ternpore
1133 2745 1252 2826 elegiae
1368 2821 1371 2830 Α

136 2849 289 2912 secundae
312 2849 374 2914 iam
386 2849 518 2947 multum
530 2849 679 2929 temporis
701 2848 742 2912 ibi
765 2855 920 2924 moratum
933 2847 1010 2915 es'sc.
1024 2848 1072 2926 (cf.
1088 2848 1116 2928 2,
1133 2849 1181 2914 67.
1200 2845 1254 2930 60)ι

662 3074 776 3202 x.j

221 3275 370 3342 Omnibus
398 3274 494 3358 igitur
527 3278 666 3343 ¹virorum
702 3277 864 3341 doctorum
901 3275 1063 3340 sententiis
1100 3251 1254 3342 enarratis
1296 3363 1298 3368 A
1420 3367 1425 3378 Ι

137 3385 230 3461 atoue
253 3380 438 3446 examinatis
460 3385 560 3445 restat
581 3386 618 3444 ut
639 3398 719 3461 quae
742 3379 844 3444 adhuc
855 3379 1082 3460 disputavimus
1104 3380 1136 3442 in
1159 3398 1255 3444 unum

138 3490 334 3564 conspectum
357 3483 560 3549 conferamus.

221 3603 369 3686 Tibullus,
393 3595 485 3670 natus
508 3604 590 3668 intra
616 3621 713 3667 annos
747 3603 810 3668 700
842 3607 876 3667 61
909 3602 994 3681 7051·
1012 3601 1131 3667 Romae
1153 3603 1254 3684 ¹poesi

134 3695 681 3790 111161166116.<16(1111166.1616720
716 3705 766 3771 vel
803 3707 861 3770 721
901 3705 942 3769 ad
979 3722 1067 3770 arma
1103 3697 1259 3770 evocatus
1320 3783 1324 3790 ,

135 3811 243 3878 scribit
265 3810 371 3875 dolore
394 3809 523 3875 affectus
545 3827 669 3873 carmen
693 3810 742 3877 10.
787 3809 876 3876 Anno
909 3807 974 3873 fere
1005 3809 1067 3874 722
1089 3808 1254 3874 innotescit

135 3913 290 3979 Messalae
313 3913 466 3993 simulque
488 3911 610 3988 Deliam
633 3913 735 3993 coepit
758 3931 871 3977 amare.
917 3911 1005 3976 Anno
1034 3911 1101 4000 ‘1235
1128 3930 1149 3990 a
1171 3910 1253 3974 Mes-

135 4003 203 4081 sala
224 4015 374 4080 invitatus
396 4019 432 4078 ut
454 4017 525 4078 eirm
546 4015 577 4078 in
599 4015 714 4079 bellum
736 4014 897 4079 Actiacum
920 4014 1085 4078 comitetur
1113 4013 1141 4076 ci
1164 4013 1254 4078 obse·

136 4120 249 4201 quitur.
295 4117 453 4182 Autumno
476 4117 615 4204 ciusdem
637 4118 709 4182 anni
730 4117 762 4180 in
790 4117 916 4181 cohorte
939 4116 1005 4180 eius
1038 4115 1069 4179 in
1092 4113 1250 4180 Orientem

59 4253 63 4264 ·
136 4221 333 4303 proiecturus
357 4203 503 4302 aegrotus
525 4220 679 4285 ininsula
701 4219 835 4302 Corcyra
857 4222 1006 4284 remanet.
1053 4217 1166 4283 Scribit
1191 4216 1252 4282 ele·

136 4311 219 4407 giam
242 4325 261 4389 3
283 4308 315 4388 in
337 4341 399 4408 qua
421 4341 622 4404 quaecunque
645 4323 683 4388 de
706 4340 811 4386 amore
833 4341 890 4387 suo
919 4327 952 4386 ct
970 4321 1081 4386 'Deliae
1114 4320 1252 4401 prodidit

92 4549 109 4571 1.
200 4497 223 4564 1)
239 4481 308 4553 Mus.
325 4493 409 4551 anan.
429 4495 477 4557 vol
490 4493 618 4562 ‚xxxiii
635 4509 660 4557 p.
679 4493 824 4551 lla-15⁰.
901 4537 910 4554 .
