3022 4982
621 257 642 322 .’
711 298 995 360 ..6,-

274 569 277 576 ¹
401 482 567 577 Successor
588 483 648 547 fuit
665 484 719 548 bic
741 485 808 566 tibi,
833 473 931 566 Galle,
945 486 1136 569 ‚Propertius
1159 485 1211 565 illi,

401 585 537 663 Quartus
560 587 599 651 ab
622 587 669 652 his
692 589 772 652 serie
795 588 945 669 temporis
967 589 1035 670 ipse
1057 588 1110 653 fui.
1144 573 1147 577 ¹
1188 651 1190 656 ,

333 688 423 753 Unde
446 688 634 770 perspicitur
655 691 809 756 Tibullum
831 691 863 755 in
900 692 1006 774 elegiis
1044 692 1263 773 componendis
1300 711 1367 757 suc·

248 791 378 856 cessisse
402 790 543 858 Cornelio
566 790 656 859 Gallo
678 813 771 875 quem
793 788 902 862 notum
924 800 973 860 est
983 796 1004 877 ¹)
1042 795 1168 876 propria
1201 813 1235 859 se
1271 814 1367 868 mauu

248 881 440 985 interfecisse
463 892 740 979 quadragesimum
764 901 910 978 quartum
933 899 1046 978 aetatis
1075 917 1189 962 anuum
1212 903 1366 979 agentem,

248 1015 337 1061 anno·
361 997 459 1082 igitur
495 1018 523 1065 a.
548 1019 577 1066 u.
602 1019 625 1065 c.
649 1001 720 1075 685Ι
733 1004 842 1065 uatum
865 1019 943 1080 esse,
968 1006 1063 1082 atque
1086 1001 1291 1066 antecessisse
1319 1001 1378 1065 Ti:
1493 983 1494 1060 l

247 1099 366 1164 bullum
387 1100 551 1182 Propertio
584 1103 671 1168 cuius
704 1104 826 1167 natales
848 1103 879 1166 iu
907 1123 1032 1193 annum
1045 1105 1107 1168 706
1136 1103 1368 1190 ,7517071ηεί-

208 1275 211 1282 ,
249 1203 332 1267 disse
369 1204 514 1284 probavit
536 1206 790 1288 Lachmannus32)
834 1206 881 1270 Ex
903 1225 964 1288 quo
992 1205 1192 1271 manifestum
1230 1211 1279 1272 est
1315 1226 1369 1271 ua-

248 1305 328 1370 tales
350 1305 462 1372 Tibulli
482 1308 707 1374 inter‘annum-
723 1311 784 1375 685
807 1313 839 1373 et
862 1309 923 1374 707
946 1328 1015 1376 esse
1038 1310 1206 1390 ponendos
1230 1311 1262 1375 id
1279 1310 1367 1392 'quod

250 1427 356 1473 omnes
379 1411 436 1474 viri
459 1412 488 1476 d.
513 1412 619 1492 quiin
641 1411 720 1476 hauc
741 1431 808 1476 rem
822 1413 1057 1498 inquisiverunt,
1075 1427 1265 1495 quamquam
1287 1413 1368 1478 alius

249 1511 344 1575 alium
368 1532 481 1578 annum
503 1515 640 1580 natalem
676 1514 855 1595 proferebat
892 1515 956 1581 suis
994 1515 1127 1597 quisque
1163 1517 1264 1581 causis
1302 1535 1369 1581 rem

251 1613 431 1680 confirmare
455 1618 593 1702 studens,
622 1623 726 1700 tamen
753 1623 837 1682 recte
859 1617 1082 1684 iudicaverunt.
1126 1618 1163 1682 lu
1185 1619 1296 1701 quibus
1320 1623 1369 1684 cb-

226 1709 374 1783 'natibus
398 1738 467 1787 oum
489 1719 563 1784 nihil
576 1739 634 1786 sua
655 1720 875 1800 probabilitate
898 1721 997 1786 niteat
1012 1721 1191 1802 singillatim
1206 1740 1368 1787 recensere
1390 1769 1391 1774 η

125 1897 129 1904 ¹
250 1820 325 1884 nihil
348 1822 470 1887 attinet
509 1819 602 1902 ,Unus
636 1823 794 1905 Gruppius
828 1843 919 1905 quoru
957 1825 1056 1889 secuti
1078 1831 1153 1888 sunt
1175 1824 1369 1908 Teuffeliusq

250 1923 449 2000 Hankelius4)
478 1926 539 2006 alii,
563 1926 756 2007 probabilem
778 1928 816 1991 do
849 1927 907 1990 bac
940 1945 974 1990 re
1010 1926 1142 2007 protulit
1174 1927 1370 1994 sententiam.

161 2099 163 2103 ,
251 2026 426 2112 Verisimile
469 2029 550 2093 enim
586 2031 709 2110 putavit
747 2030 798 2094 ille
829 2029 876 2092 vir
913 2029 1022 2094 doctus
1065 2029 1220 2094 Tibullum
1262 2037 1372 2096 uatum
1494 2041 1495 2044 ’

252 2147 321 2193 csse
354 2130 437 2195 iutra
460 2150 557 2197 annos
592 2134 653 2197 700
691 2138 723 2197 et
755 2134 816 2198 705
854 2133 1079 2213 epigrammate
1117 2132 1253 2213 quodam
1285 2133 1372 2199 nisus

121 2309 123 2330 ζ
251 2232 380 2296 Domitii
411 2233 509 2301 Marsi
546 2235 598 2316 qui
634 2237 702 2316 ipse
724 2235 871 2318 Augusti
901 2235 1092 2317 temporibus
1115 2235 1256 2316 florebat,
1291 2237 1373 2301 unde

167 2364 169 2369 ·
251 2336 439 2415 perspicitur
460 2337 613 2402 Tibullum
646 2339 774 2403 nonita
807 2338 905 2403 multo
939 2343 1013 2420 post
1035 2338 1206 2420 Vergilium
1240 2339 1271 2402 in
1304 2340 1373 2420 ipso

253 2438 366 2503 aetatis
388 2428 463 2504 flore
487 2441 666 2507 decessisse.
713 2441 914 2524 Epigramma
937 2441 1065 2519 Domitii
1088 2446 1138 2505 est
1160 2441 1231 2522 boc:

365 2543 407 2606 Tc
431 2562 554 2625 quoque
580 2542 721 2625 Vergilio
744 2545 888 2610 comitem
911 2563 971 2609 nou
995 2563 1106 2627 aequa,
1124 2541 1258 2624 Tibulle,

366 2645 459 2710 Mors'
473 2647 616 2711 iuvenem
640 2666 766 2729 campos
788 2647 874 2713 misit
895 2647 936 2712 ad
958 2646 1091 2736 Elysios,
1352 2637 1354 2642 ’

368 2748 416 2812 Ne
438 2748 520 2814 iuret
541 2755 597 2814 aut
619 2749 714 2832 elegis
737 2750 846 2814 molles
868 2750 922 2832 qui
944 2748 1034 2814 fleret
1056 2767 1188 2828 amores,

369 2853 434 2916 Aut
456 2858 582 2918 caneret
604 2852 677 2917 forti
700 2853 788 2932 regia
809 2852 892 2916 bella
914 2852 1003 2932 pcdess

343 2955 438 3036 Atqui
446 2956 616 3036 Vergilium
627 2961 736 3020 notum
748 2961 798 3020 est
808 2954 858 3031 (cf.
866 2955 1038 3021 Donatvit.
1048 2955 1156 3037 Verg.)
1169 2974 1196 3020 a.
1205 2956 1234 3021 d.
1242 2955 1295 3019 XI.
1305 2955 1374 3022 Kal.

257 3056 381 3122 Octobr.
403 3060 478 3122 anni
495 3060 556 3124 735
579 3059 723 3124 vitaesse
736 3057 924 3138 defunctum,
941 3059 1023 3122 unde
1038 3059 1213 3124 necessario
1236 3060 1398 3140 sequitur.

191 3193 196 3202 ·
255 3160 408 3225 Tibullum
421 3167 453 3226 et
463 3163 566 3243 ipsum
579 3162 753 3227 autcodem
766 3180 846 3225 anno
858 3153 1171 3242 autinitiosequentis
1182 3160 1378 3242 diem-supre—
1455 3146 1466 3164 ⁸

255 3283 340 3328 mum
382 3265 504 3331 obiisse.
550 3265 660 3347 Neque
694 3284 764 3330 cunr
799 3264 857 3328 hoc
893 3269 974 3328 teste
1024 3263 1143 3328 iuvenis
1181 3263 1292 3328 obierit
1327 3263 1378 3327 Ti-

256 3368 359 3432 bullus
395 3367 464 3433 fieri
500 3373 606 3448 potest
628 3374 664 3432 ut
684 3368 864 3432 natalicium
887 3386 1002 3431 annum
1035 3363 1118 3430 ultra
1146 3385 1173 3430 a..
1213 3367 1274 3430 700
1307 3385 1379 3447 pro-

256 3469 407 3550 feramus;
444 3489 545 3552 neque
599 3471 681 3536 enirn
733 3471 903 3552 quidquam
948 3450 1061 3536 causae
1109 3456 1158 3533 est
1186 3488 1260 3533 -cur
1307 3487 1378 3533 cunr

258 3574 370 3638 Vossio
398 3574 620 3652 existimemus
656 3574 831 3655 quicunque
864 3592 978 3662 aunum
1013 3571 1286 3665 quadragesimum
1309 3590 1378 3636 sen-

258 3681 325 3739 tum
347 3695 407 3740 non
430 3677 638 3741 excessissent
674 3671 744 3740 eos'
764 3676 978 3740 err-instituto
1001 3674 1137 3755 quodam
1166 3673 1266 3739 Servii
1287 3674 1379 3738 Tullii

258 3763 385 3842 iuvenes
408 3798 477 3844 esse
501 3779 684 3861 appellatos.
731 3778 847 3844 Contra
884 3779 909 3842 si
932 3777 1087 3842 Tibullum
1119 3777 1217 3840 vitam
1255 3777 1379 3859 degisse

259 3883 427 3948 statuimus
449 3883 532 3946 intra
554 3901 651 3947 annos
675 3883 737 3946 700
759 3883 808 3947 vel
832 3884 893 3959 705
916 3886 949 3944 et
971 3882 1032 3946 735
1055 3880 1105 3944 vol
1127 3881 1198 3959 736,
1232 3879 1276 3944 illi
1298 3898 1381 3945 com·

258 3986 413 4067 putationi
436 3986 539 4050 omnia
561 3985 724 4050 concinunt
746 4005 826 4066 quae
849 3986 888 4050 de
903 3982 1023 4049 Tibullo
1045 3983 1134 4048 uobis
1156 3988 1231 4047 uota
1253 3984 1365 4065 suut.⁵)

326 4156 348 4224 l)
367 4158 402 4214 ci.
419 4157 570 4222 Hieronym.
589 4157 678 4213 chron,
697 4157 731 4207 od
748 4172 772 4210 a.
791 4158 849 4211 728.

324 4245 347 4310 3)
365 4251 398 4300 ct,
416 4243 496 4308 prael,
515 4245 576 4300 edit,
591 4243 712 4308 Propert.
726 4259 752 4308 p.
772 4243 814 4297 26.

325 4329 349 4394 3)
369 4330 434 4385 stud,
454 4346 480 4388 u,
498 4329 611 4386 charact,
630 4346 655 4394 p.
674 4329 726 4385 344
743 4345 784 4393 sq.

325 4417 349 4481 d)
366 4423 415 4469 act.
433 4431 485 4469 soa.
503 4415 567 4480 phil,
583 4415 655 4480 Lips.
676 4415 750 4474 1875.

327 4504 349 4573 5)
366 4501 499 4553 Tibullum
516 4503 636 4553 iuvenem
654 4511 785 4553 mortuum
803 4516 859 4552 esse
876 4501 955 4551 otiam
974 4500 1026 4550 vitu
1045 4499 1100 4551 eius
1118 4497 1251 4550 codicibus
1268 4498 1384 4566 antiquio
