3022 4982
721 295 934 360 ...32-

269 485 351 551 Nam
372 485 420 550 his
443 485 546 550 verbis
569 483 707 549 Tibullus
735 484 788 566 qui
828 483 962 548 carmine
996 483 1103 566 quinto
1136 484 1234 550 vitam
1267 483 1391 550 felicem

270 607 364 669 quam
386 607 456 652 curn
478 588 567 652 Delia
590 607 623 652 se
646 592 876 652 transactorum
900 605 968 652 csse
997 587 1146 667 sperabat
1175 588 1391 668 pulcherrimis

192 703 194 706 ·
270 690 422 754 coloribus
446 691 615 771 depingens
637 689 784 752 iam'alia
807 688 922 770 gaudia
949 689 1089 754 versibus
1123 690 1278 770 prioribus
1316 701 1391 754 enu-

270 793 402 876 meravit
435 793 597 874 quaesibi
630 792 810 872 contingant
836 792 912 856 nihil
945 789 1131 873 significavit
1163 793 1222 857 nisi
1256 797 1323 857 tum
1356 811 1392 856 se

271 895 443 959 certissima
466 914 522 976 spe
550 895 676 959 ductum
714 912 782 958 esse
815 893 988 958 Messalam
1025 895 1150 975 saepius
1187 889 1227 959 ad
1265 914 1299 959 se
1335 913 1391 959 rus

270 997 388 1062 iturum
413 1016 482 1062 esse
510 1016 570 1078 quo
593 996 725 1061 felicitas
748 1014 806 1061 sua·
838 1002 1007 1078 augeretur
1029 1001 1061 1060 et
1094 998 1309 1078 compleretur,
1344 998 1392 1062 ita

270 1100 395 1179 quidem
417 1105 453 1164 ut
475 1119 513 1165 en
535 1101 593 1168 hac
607 1099 742 1180 imagine
764 1119 860 1180 quam
876 1097 1000 1164 futurae
1022 1099 1105 1164 vitae
1121 1099 1278 1168 felicitatis
1291 1105 1389 1182 poeta

271 1203 373 1267 animo
408 1203 465 1268 sibi
488 1201 576 1266 finxit
597 1202 674 1268 nihil
695 1203 734 1267 de
758 1201 894 1268 adventu
920 1202 969 1267 vel
1002 1202 1106 1267 reditu
1127 1202 1285 1268 Messalae
1319 1219 1393 1268 con·

270 1301 352 1368 cludi
373 1305 480 1386 possit.
848 1312 851 1318 '
1249 1367 1251 1374 .

358 1407 445 1485 Quae
467 1427 537 1472 curn
558 1408 604 1472 ita
626 1408 689 1474 sint
709 1407 787 1472 haec
808 1408 923 1473 via'ac
945 1408 1026 1474 ratio
1048 1413 1084 1472 ut
1106 1407 1246 1474 ordinem
1278 1408 1394 1488 proba-

247 1519 248 1522 ’
273 1509 367 1576 bilem
391 1511 559 1577 cannlnum
582 1510 614 1574 in
628 1509 758 1576 Deliam
794 1510 980 1591 scriptorum
1013 1511 1271 1576 constitueremus
1302 1509 1393 1576 nobis

267 1611 339 1676 ¹visa
361 1617 410 1678 est
431 1613 634 1694 ingredienda
666 1618 702 1677 ut
723 1613 925 1694 respiciamus
948 1613 1001 1694 qui
1025 1613 1067 1677 sit
1075 1607 1263 1704 ¹progressus
1287 1631 1394 1676 rerum

276 1719 308 1779 et
331 1714 556 1780 sententiarum
587 1715 619 1780 iu
652 1715 795 1797 singulis;
829 1733 910 1797 quae
944 1715 1071 1797 quidem
1104 1716 1248 1798 quaestio
1281 1715 1312 1779 in
1346 1715 1394 1780 eis

274 1817 350 1898 ipsis
374 1817 559 1886 carminibus
583 1817 750 1884 admodum
772 1817 879 1884 ardua·
899 1822 931 1883 et
962 1818 1114 1899 impedita
1146 1824 1196 1883 est
1228 1818 1302 1900 quia
1334 1816 1394 1882 nisi

146 1928 148 1936 ’
192 1991 195 1998 ,
274 1920 313 1984 de
328 1920 444 2010 Deliae
466 1921 550 1986 vitae
573 1920 749 1986 condicione
770 1919 945 2001 probabilia
973 1921 1108 1987 assecuti
1120 1921 1235 1986 erimus
1258 1921 1297 1984 de
1319 1939 1392 2001 qua,

271 2022 332 2086 etsi
359 2023 505 2102 permulti
527 2007 590 2088 iam
612 2023 670 2088 viri
695 2021 779 2087 docti
811 2023 843 2087 iu
865 2041 903 2087 ea
936 2022 1158 2106 investiganda.
1187 2023 1391 2103 sudaverunt,

167 2151 169 2156 ¹
271 2125 448 2190 etiamnunc
486 2125 686 2190 vehementer
722 2125 884 2190 dubitatur
909 2124 1061 2207 firmoque
1097 2125 1300 2191 fundamento
1342 2131 1394 2190 sat

186 2273 187 2278 κ
272 2227 379 2292 stabili
416 2228 507 2308 plene
532 2246 673 2293 caremus
710 2246 771 2309 quo
809 2226 915 2293 confisi
952 2233 1052 2294 totam
1089 2229 1307 2312 quaestionem
1345 2229 1393 2292 di-

271 2331 428 2396 rimamus.
934 2390 942 2406 ,

356 2424 424 2497 lam
439 2439 571 2514 apparet
593 2452 631 2497 ex
648 2434 833 2510 carminibus
856 2433 932 2514 ipsis
955 2436 974 2498 2
997 2440 1030 2498 ct
1052 2435 1071 2498 6
1094 2434 1138 2498 eis
1153 2433 1242 2500 nobis
1257 2439 1393 2515 nuptam

271 2536 392 2601 Deliam
416 2556 435 2600 a
457 2538 550 2617 poeta
573 2519 817 2616 repraesentari3
833 2537 996 2601 dubitatur
1018 2531 1119 2620 adhuc
1141 2536 1179 2601 de
1203 2537 1392 2602 carminibus

275 2643 300 2706 1.
326 2640 354 2705 3.
378 2641 412 2718 5;
435 2639 474 2702 de
491 2639 603 2719 qulbus
622 2644 676 2703 est
689 2657 861 2720 permagna
884 2638 1035 2722 dissensio
1051 2639 1186 2704 virorum
1210 2639 1237 2704 d.
1257 2659 1394 2720 quorum

273 2742 311 2804 de
338 2741 397 2806 hac
418 2760 452 2805 re
475 2741 646 2805 sententias
668 2761 748 2807 nunc
770 2742 989 2832 examinemus.
1256 2731 1262 2744 '

357 2843 591 2934 ilc-Passovius
614 2843 645 2921 d.
660 2844 699 2924 c.)
734 2845 860 2924 quidem
882 2863 951 2909 cum
973 2844 1058 2908 nulla
1080 2845 1214 2926 uestigia
1235 2845 1394 2911 inveniret

273 2947 407 3027 coniugii
428 2946 460 3009 in
483 2946 617 3010 carmine
633 2946 733 3026 primo
756 2951 788 3010 et
810 2947 903 3012 tertio
926 2966 964 3011 ea
985 2947 1098 3011 viduae
1120 2948 1229 3034 Deliae
1252 2948 1393 3012 tribuere

271 3067 333 3114 non
355 3048 522 3127 dubitavit3
547 3051 655 3113 cetera
666 3053 780 3128 autem,
804 3049 982 3141 secundum,
999 3055 1130 3131 sextum,
1155 3051 1403 3132 quintumpost.

190 3203 193 3208 ,
272 3151 501 3215 matrimonium
524 3169 543 3215 a
564 3150 655 3216 Delia
676 3151 795 3216 Tibullo
818 3153 947 3216 absente
969 3141 1080 3218 initum
1111 3153 1228 3234 scripta
1250 3171 1319 3217 esse
1342 3171 1394 3218 ar·

271 3254 404 3318 bitratus
428 3258 486 3319 est.
531 3253 668 3330 Quorum
685 3254 811 3336 quidem
833 3254 865 3319 in
889 3255 996 3337 quinto
1013 3255 1128 3336 Deliae.
1143 3238 1249 3320 mariti
1271 3257 1391 3321 mentio

270 3376 332 3420 non
349 3355 437 3448 'iacta
459 3361 516 3436 est,
531 3375 648 3425 ,verum
669 3357 728 3422 hoc
750 3363 855 3423 tamen
876 3357 1020 3422 ultimum
1041 3359 1073 3422 in
1095 3358 1154 3423 hoc
1169 3376 1274 3423 amoro
1297 3377 1391 3439 prae-

272 3460 360 3540 cipue
393 3464 430 3522 ut
451 3458 574 3523 uidetur
607 3478 645 3523 ea
678 3460 717 3524 de
740 3479 834 3526 causa
865 3461 1001 3541 putabat
1023 3460 1106 3542 quod
1128 3461 1275 3526 extremis
1294 3461 1391 3552 ‚huius

222 3579 225 3586 ’
264 3561 416 3628 ‘carminis
439 3560 579 3627 versibus
607 3561 747 3628 Tibullus
769 3562 894 3646 puellae,
912 3581 994 3644 ,suae
1036 3563 1222 3630 valedixisse
1252 3563 1282 3628 ei
1304 3563 1392 3628 vide·

270 3665 372 3730 batur.
418 3665 486 3742 Qua
508 3665 540 3730 in
572 3683 606 3729 re
630 3684 700 3730 cum
722 3665 761 3732 de
794 3665 906 3732 ceteris
928 3665 1115 3732 carminibus
1148 3666 1231 3731 idem
1253 3664 1318 3730 fere
1354 3685 1393 3732 ac

269 3767 437 3833 Passovius
458 3767 611 3833 iudicaret
633 3767 672 3833 ab
695 3785 732 3833 eo
747 3768 909 3834 Dissenius
931 3768 1131 3836 vehementer
1153 3767 1318 3834 dissensit.
1335 3769 1392 3850 qui

270 3875 393 3964 tantum
415 3869 526 3936 abesse
559 3870 717 3936 contendit
738 3876 775 3935 ut
796 3875 890 3953 poeta
916 3871 969 3936 illo
992 3871 1126 3938 carmine
1160 3872 1242 3936 serio
1264 3871 1390 3952 puellae

270 3972 450 4037 valedicerit
470 3979 507 4038 ut
528 3979 686 4038 contraen
697 3979 775 4053 ,tota
786 3975 853 4038 eius
866 3959 1042 4040 condicione
1057 3973 1146 4040 facile
1161 3974 1393 4055 perspiceretur

170 4137 172 4143 .
270 4075 346 4141 illud
379 4094 502 4157 quoque
526 4077 570 4141 eis
604 4076 831 4155 adnectendum
865 4087 942 4141 esse·
957 4095 1037 4158 quae
1064 4077 1096 4141 in
1118 4076 1245 4142 viduam
1266 4075 1407 4140 Deliam.

271 4179 390 4258 scripta
423 4167 535 4244 essent.
581 4179 690 4260 Neque
723 4179 805 4244 enim
837 4179 933 4244 ullam
954 4179 1096 4244 voculam
1129 4178 1168 4244 de
1190 4179 1392 4244 matrimonio

269 4281 345 4346 inito
368 4281 411 4346 ibi
431 4281 503 4363 legi,
530 4282 624 4348 immo
647 4300 722 4346 vero
747 4301 804 4362 per
818 4283 974 4364 integrum
1004 4301 1128 4348 cannen
1144 4287 1277 4362 poetam
1300 4282 1394 4347 disci·

269 4384 447 4459 diuminter
469 4388 548 4450 seet
562 4384 684 4449 Deliam
707 4390 810 4450 ortum
831 4385 940 4451 tollere
956 4386 1060 4451 conari
1082 4404 1179 4466 seque
1201 4385 1233 4473 in
1255 4385 1393 4466 priorem

262 4488 360 4568 apud
379 4487 515 4570 puellam
536 4485 666 4574 [statum
694 4488 876 4569 restituere3
899 4493 1007 4570 atque,
1030 4489 1114 4571 quod
1135 4489 1312 4569 maximum,
1346 4488 1394 4554 in-
