3022 4982
594 225 781 292 ..9-

123 408 199 504 μήν’
222 407 369 496 άγγελίαν
393 408 582 488 ιινὰαῦιοῖς
603 413 764 499 ἔπεμψεν,
788 406 872 480 οἴνοιο
900 411 938 504 δη
953 409 1249 497 νομίσαντεςαάτὸν
1304 481 1308 490 ,

123 513 327 583 ἀπολωλέναι
349 521 402 582 καὶ
424 511 555 590 ἄκοντες
577 510 783 604 ὡμολόγησαν
805 516 860 582 ἐπὶ
888 519 935 606 τῷ
966 522 1128 604 μηδέποτε
1151 544 1250 601 μονο-

123 623 274 708 μαχῆσαι,
303 623 355 684 καὶ
378 618 437 708 την
459 642 493 700 γε
515 617 651 706 Δάφνην
674 615 762 706 παρὰ
784 621 844 684 τοῦ
865 624 988 699 Διδίοο,
1016 619 1054 686 τὸ
1088 617 1154 687 τῶν
1176 618 1249 688 Ἀν-

18 787 20 792 ,
64 771 67 778 1
124 731 258 804 τιογέων
285 721 487 809 προάστειον,
510 721 646 788 ἐνοικεῖν
679 730 786 809 μέχρις
820 715 861 788 ἂν
894 725 939 812 aqi
971 731 1104 811 Καίσαρι
1148 728 1250 791 ταῦτα

126 829 259 916 δηλωθῇ
280 825 406 910 ἔλαβον.

214 948 271 1012 llis
294 946 447 1012 enarratis
471 946 515 1010 sic
537 946 641 1027 pergit
663 946 736 1011 Dio:

213 1054 274 1141 Kal
310 1049 339 1115 οἱ
371 1051 432 1132 μὲν
468 1042 535 1116 ὑπὸ
569 1049 629 1114 τοῦ
662 1049 837 1118 Μεσσάλαν
872 1044 1006 1140 ὕστερον
1028 1047 1252 1140 άπαιηέλέντες

127 1155 345 1241 ἐπέμφθησαν
366 1148 461 1227 ἄλλος
475 1148 590 1218 ἄλλοσε
605 1145 645 1226 ὡς
666 1157 719 1218 καὶ
741 1154 786 1229 εἰς
813 1152 852 1220 τὰ
877 1153 1079 1241 στρατόπεδα
1099 1158 1253 1234 καταλεγ-

126 1256 316 1345 θησόμενοι,
339 1260 393 1321 καὶ
415 1255 449 1322 ἐκ
463 1254 589 1342 τρόπον
606 1253 645 1345 δή
667 1281 753 1331 τινος
779 1256 966 1347 ἐπιτηδείου
988 1256 1187 1346 ἐφθάρησαν.
1214 1296 1249 1304 -

128 1360 249 1439 Quibus
272 1378 310 1424 ex
332 1359 434 1425 verbis
458 1359 566 1423 virid.
591 1359 782 1441 collegerunt
805 1362 996 1443 gladiatores
1008 1368 1176 1443 postquam
1199 1362 1253 1425 do-

128 1464 244 1530 micilia
281 1481 308 1527 a.
348 1463 409 1526 723
447 1467 574 1544 accepta
601 1462 774 1550 complures
811 1483 908 1529 annos
941 1465 1155 1545 possedissent
1188 1468 1255 1528 tum

129 1568 257 1632 demum
279 1584 298 1629 a
320 1564 457 1629 Messala
493 1565 619 1629 iubente
650 1565 793 1646 Augusto
829 1567 945 1632 occisos
983 1585 1061 1646 esse,
1085 1567 1253 1631 Messalam

129 1671 227 1752 igitur
246 1661 330 1733 bello
352 1667 538 1748 Aquitanico
576 1667 714 1732 conlecto
736 1668 768 1731 in
792 1669 899 1732 Asiam
921 1668 1096 1750 profectum
1133 1669 1175 1734 ibi
1198 1687 1255 1749 per

130 1771 306 1853 complures
340 1788 437 1834 annos
471 1776 695 1834 commoratum
732 1789 801 1834 esse
836 1777 930 1852 atque
955 1772 1012 1840 sub
1035 1773 1093 1836 hoc
1114 1777 1255 1852 tempore

131 1875 293 1942 occasione
317 1874 392 1937 data
415 1873 582 1944 Caesarem
615 1873 726 1937 timore
763 1892 914 1938 novarum
953 1875 1139 1939 seditionum
1177 1894 1255 1955 quas

130 1979 271 2042 homines
295 1977 362 2040 eius
396 1975 480 2040 modi
512 1975 602 2039 facile
639 1974 806 2040 sollicitare
843 1981 992 2057 poterant
1028 1977 1256 2058 gladiatorihus

130 2081 275 2144 extinctis
297 2079 487 2144 liberavisse.
534 2078 640 2144 Rebus
664 2079 774 2142 deinde
796 2079 828 2142 in
852 2080 927 2144 Asia
953 2115 987 2124 -
1015 2098 1079 2161 qua
1099 2085 1257 2160 potestate

130 2184 354 2264 ignoratur-
395 2181 574 2261 compositis
597 2182 767 2246 Messalam
804 2202 830 2247 a.
872 2184 933 2246 727
956 2183 1087 2248 Romam
1125 2183 1256 2246 rediisse

139 2285 328 2366 uirtutisque
351 2284 484 2384 honores
507 2291 540 2349 et
561 2285 701 2365 praemia
724 2303 793 2350 esse
816 2286 974 2366 adeptum.

217 2405 333 2470 Contra
355 2405 435 2470 hanc
458 2405 645 2469 sententiam
667 2410 788 2485 pugnat
809 2405 982 2470 Hankelius
995 2407 1015 2487 ¹)
1039 2407 1100 2486 qui,
1125 2407 1184 2470 nisi
1208 2393 1259 2470 me

128 2507 220 2589 fallit,
227 2510 434 2583 Fischerum‘2)
447 2513 572 2574 secutus
584 2512 724 2588 negatex
731 2507 864 2588 Appiani
875 2508 981 2572 verbis
990 2509 1263 2590 necessariosequi

130 2613 301 2678 Messalam
318 2611 473 2692 extemplo
485 2611 587 2676 iudea
604 2629 709 2691 pugna
721 2609 848 2678 Actiaca
873 2610 906 2673 in
918 2611 1120 2692 Aquitaniam
1132 2613 1262 2676 missum

97 2745 102 2752 ·
132 2735 213 2784 csse.
258 2716 367 2796 Neque
384 2715 465 2778 enim
479 2711 650 2794 quidquam
664 2712 748 2795 aliud
761 2731 799 2776 ex
814 2712 957 2792 Appiano
974 2714 1074 2795 colligi
1091 2733 1183 2795 posse
1199 2716 1259 2780 nisi
1355 2771 1357 2776 .

132 2819 249 2884 bellum
261 2824 334 2899 post
343 2835 481 2908 pugnam
488 2816 646 2880 Actiacam
659 2819 839 2894 susceptum
852 2832 922 2878 esse
938 2823 971 2881 et
983 2822 1055 2880 ante
1067 2816 1259 2898 triumphum

132 2925 316 2986 conlectum.
365 2919 475 2998 Neque
499 2918 623 3000 quiando
646 2922 750 2982 ortum
783 2935 884 2997 neque
918 2937 980 2998 quo
1013 2924 1155 3002 tempore
1178 2940 1261 2984 con-

133 3024 249 3089 fectum
273 3023 314 3088 sit
328 3022 399 3087 inde
422 3021 500 3086 satis
516 3040 688 3102 apparerc3
712 3041 806 3102 quam
819 3023 1007 3087 sententiam
1030 3041 1067 3094 eo
1090 3023 1259 3103 praecipue
1337 3047 1340 3056 ·

133 3127 276 3193 adiuvari
298 3129 390 3206 putat
412 3125 496 3204 quod
519 3123 631 3188 Gracci
660 3124 819 3204 scriptoris
842 3125 938 3189 verba
959 3119 1021 3188 non
1055 3126 1086 3188 in
1117 3125 1262 3189 contiuua
1294 3173 1297 3183 x

134 3233 421 3310 rerumgestarum
444 3226 600 3291 Messalae
624 3228 821 3314 enarratione
852 3227 1031 3306 afferantur,
1070 3227 1179 3291 sedin
1216 3229 1261 3290 eis

134 3332 351 3398 tantummodo
374 3330 511 3394 breviter
532 3329 755 3393 adumbrandis
788 3348 869 3410 quae
892 3329 1029 3394 Messala
1061 3348 1176 3410 magna
1198 3331 1263 3393 edi-

44 3475 67 3490 .·
135 3435 226 3499 derit.
285 3433 332 3497 Ex
365 3433 459 3497 verbo
497 3437 603 3496 autem
625 3431 733 3496 Dionis
770 3424 905 3518 ὕστερον
951 3431 1067 3512 colligit
1088 3432 1262 3496 Hankelius

135 3536 304 3601 Messalam
326 3536 414 3600 initio
437 3537 509 3600 anui
533 3535 648 3599 ream
670 3535 746 3598 Asia
768 3541 928 3599 versatum
951 3551 1019 3598 esse
1043 3540 1075 3597 et
1098 3534 1157 3598 hoc
1179 3554 1260 3598 auno

66 3685 69 3690 ι
137 3639 362 3720 gladiatoribus
385 3637 602 3718 extinguendis
615 3623 743 3717 operam
765 3639 929 3702 navavisse
946 3654 984 3700 cx
1006 3654 1106 3718 eaque
1121 3656 1156 3701 re
1179 3638 1263 3718 quod

136 3742 312 3822 triumphus
335 3763 354 3807 a
377 3741 513 3806 Messala
535 3760 562 3807 a.
588 3741 714 3820 demum
737 3742 798 3805 727
821 3747 909 3805 actus
942 3745 991 3804 est
1014 3740 1126 3803 statuit
1148 3739 1263 3802 bellum

139 3846 359 3926 Aquitanicum
382 3852 505 3925 gestum
528 3862 597 3908 esse
621 3862 702 3908 anno
726 3845 787 3908 725
811 3843 860 3907 vel
884 3845 955 3908 726.
1207 3829 1209 3834 ’

226 3965 313 4042 Quae
336 3985 405 4029 cum
428 3964 597 4028 maximam
618 3970 743 4045 partem
766 3969 851 4027 recte
874 3963 1035 4042 disputata
1058 3963 1129 4041 sint,
1159 3968 1264 4034 tamen

139 4070 171 4133 in
194 4088 231 4132 oo
254 4087 315 4132 non
337 4068 500 4144 assentior,
515 4068 669 4146 quodvox
692 4058 826 4150 ὕστερον
839 4065 879 4129 ad
901 4065 1024 4130 initium
1047 4066 1120 4129 anui
1133 4067 1194 4128 724
1217 4085 1265 4128 re-

141 4171 217 4236 ferri
239 4176 353 4252 potest.
399 4170 480 4234 Nam
504 4169 529 4233 si
558 4169 692 4250 scriptor
725 4187 856 4249 graecus
894 4174 960 4233 tam
996 4171 1089 4232 breve
1127 4168 1272 4248 spatium·

142 4293 346 4301 ...—.-.—-—-

210 4341 305 4410 ι)1,“ο,
325 4359 349 4406 p,
369 4343 400 4392 81
421 4357 460 4404 sq.

207 4429 231 4496 2)
249 4428 339 4502 Roem
358 4425 500 4478 Zeittaieln
519 4442 544 4492 p,
563 4427 624 4483 ast.
