3022 4982
584 301 789 366 ..25-

126 508 205 570 esse,
230 491 314 572 quod
336 510 374 557 ea
395 495 500 558 aetate
523 509 586 572 qua
607 489 745 556 Tibullus
769 496 838 555 erat
860 487 1040 553 adolescens
1063 486 1240 569 gerebatur.

126 591 243 676 Verum
277 613 347 660 cum
388 613 449 660 non
482 594 559 658 satis
593 599 750 658 constaret
782 611 844 673 quo
867 610 946 656 anuo
968 595 1062 655 natus
1095 594 1179 668 esset
1200 588 1248 653 li-

130 696 244 776 bullus,
279 697 332 761 alii
354 697 394 761 ad
416 697 532 778 bellum
554 689 772 777 Aquitanicam
800 694 875 760 illud
898 711 1021 758 carmen
1049 692 1245 771 rettulerunt,
1343 686 1346 694 ’

128 798 180 862 alii
202 798 287 863 aliud
309 799 424 864 bellum
447 797 709 902 excogitaverunt.
755 798 872 864 Verum
895 796 1073 861 enimvero
1106 795 1249 860 debello

127 901 315 982 Aquitanico
337 902 467 984 cogitari
488 901 612 982 nequit3
635 901 777 966 namhoc
798 900 913 966 bellum
935 917 963 963 a.
988 898 1112 963 demum
1136 899 1197 963 726
1230 917 1249 962 a

128 1003 268 1070 Messala
300 1009 373 1086 post
395 1004 623 1086 expeditionem
656 1003 825 1068 Asiaticam
858 1005 1037 1082 susceptum
1070 1019 1139 1066 esse
1159 1000 1250 1064 satis

129 1107 382 1188 comprobavisse
414 1108 502 1172 uobis
525 1107 678 1188 videmur3
701 1126 738 1172 eo
772 1111 878 1170 autem
899 1103 980 1170 bello
1003 1103 1087 1186 quod
1120 1102 1249 1186 respicit
1378 1121 1382 1128 ·

129 1213 198 1274 tota
221 1209 321 1293 elegia
343 1210 462 1276 decima
477 1209 615 1276 Tibullus
638 1209 703 1274 sine
719 1208 813 1284 dubio
835 1213 884 1274 est
903 1207 1044 1273 tirocinia
1076 1206 1246 1290 positurus.

129 1310 240 1394 Neque
262 1312 325 1392 bae
344 1312 430 1378 solae
452 1317 561 1378 extant
587 1329 700 1378 musae
722 1311 834 1394 quibus
871 1310 1026 1376 sententia
1047 1309 1185 1375 virorum
1223 1301 1252 1376 d'.

130 1415 171 1480 de
203 1414 288 1481 bello
310 1414 496 1502 Aquitanico
528 1413 732 1498 cogitantium
764 1415 805 1479 ad
836 1413 960 1500 irritum
993 1399 1163 1495 redigatur,
1180 1409 1265 1502 'sed'

44 1583 49 1594 ,
131 1516 198 1608 alia
216 1517 312 1583 etiam
336 1522 522 1600 argumenta
544 1535 643 1600 eaque
665 1517 769 1604 valida
790 1515 879 1584 nobis
901 1516 1032 1597 praehet
1052 1507 1253 1598 Passoviasl)

130 1619 245 1702 quibus
281 1625 356 1702 apte
382 1619 468 1686 illam
495 1620 713 1708 coniecturam
755 1618 943 1686 refellamus.
989 1607 1038 1684 Illi
1074 1617 1157 1684 enim
1186 1613 1254 1682 viro

74 1766 78 1774 ι
131 1715 316 1788 doctissimo
349 1727 523 1806 ceterorum
555 1721 609 1806 qui
638 1723 670 1788 in
702 1721 762 1788 bac
788 1722 889 1804 elegia
911 1721 1101 1788 recensenda
1112 1721 1142 1785 ei
1165 1725 1255 1786 ante-

132 1831 294 1892 cesserant
326 1827 498 1914 sententias
529 1825 733 1908 perlustranti
771 1830 867 1906 atque
900 1824 1090 1891 examinanti
1128 1842 1166 1888 ea
1196 1843 1254 1890 res
1344 1901 1348 1910 Ι

131 1946 287 1993 summam
303 1929 402 1994 movit
413 1929 638 2004 dubitationem
661 1928 743 2012 quod
755 1941 812 2009 per
833 1932 933 1992 totam
948 1927 1079 2009 elegiam
1101 1913 1143 1992 ne
1157 1928 1255 1993 verbo

113 2031 261 2124 vquidem
282 2031 390 2097 Deliae
426 2050 565 2098 amorem
598 2038 692 2113 poeta
723 2031 1019 2130 commemoraverit.
1066 2029 1183 2110 Quodsi
1205 2029 1256 2094 Ti-

129 2133 234 2198 bullus
256 2134 310 2199 illo
333 2139 473 2216 tempore
488 2153 550 2218 quo
571 2134 651 2200 banc
673 2134 1028 2219 elegiamcomponebat
1049 2139 1254 2214 suscepturus
1368 2137 1370 2142 '

131 2241 202 2300 erat
224 2255 293 2302 cum
315 2237 452 2302 Messala
483 2238 544 2303 iter
565 2237 596 2303 in
618 2237 818 2319 Aquitaniam
847 2237 980 2319 indeque
1002 2236 1083 2302 bello
1106 2235 1254 2317 confecto,

130 2338 166 2402 id
188 2340 271 2420 quod
294 2339 433 2423 plerique
456 2340 514 2406 viri
537 2341 566 2409 d.
590 2359 646 2422 pro
668 2345 754 2405 certo
777 2337 973 2404 affirmarunt
987 2357 1088 2420 neque
1103 2339 1252 2405 Passovio

131 2441 344 2523 improbatum
366 2448 423 2524 est,
447 2444 555 2509 statim
577 2443 608 2508 in
630 2443 737 2507 Asiam
764 2442 930 2522 contendit,
964 2460 1091 2507 necesse
1114 2447 1163 2506 est
1194 2442 1257 2507 iam
1344 2430 1349 2441 ’

131 2549 201 2610 tum
223 2564 294 2610 eum
332 2539 400 2611 cum
414 2546 513 2632 Delia
549 2564 655 2611 amore
693 2546 889 2611 coniunctum
925 2543 1022 2609 luisse
1060 2562 1252 2625 censeamus,

135 2648 282 2734 quoniam
303 2649 362 2714 boc
384 2649 420 2714 in.
438 2649 548 2714 itinero
586 2652 733 2730 aegrotus
770 2648 802 2712 in
842 2631 945 2712 insrrla
965 2645 1102 2729 Corcyra
1127 2647 1255 2712 rebctus

22 2801 25 2808 i
135 2768 260 2816 cannen
289 2752 416 2817 tertium
449 2752 609 2842 pangebat
632 2770 693 2834 quo
727 2750 835 2816 Deliae
868 2769 956 2815 amor
988 2749 1172 2815 suavissime
1205 2750 1258 2814 de-

135 2854 288 2920 scribitur.
333 2855 402 2933 Qua
423 2855 455 2920 in
477 2874 511 2919 re
533 2855 645 2919 merito
667 2853 835 2918 admodum
868 2853 980 2917 mirum
1017 2851 1142 2918 videtur
1175 2851 1258 2934 quod

136 2974 326 3038 quamquam
348 2957 488 3040 pluribus
510 2957 652 3022 versibus
676 2957 714 3020 de
737 2956 853 3021 deliciis
877 2955 990 3021 amoris
1013 2956 1045 3021 in
1073 2955 1176 3038 elegia
1206 2955 1259 3020 de-

137 3058 216 3124 cima
237 3059 375 3142 loquitur
409 3065 514 3125 tamen
535 3060 653 3124 nullum
677 3060 807 3125 verbum
834 3059 873 3123 de
895 3059 985 3124 Delia
1007 3063 1101 3140 poeta
1123 3057 1253 3124 addidit.

137 3160 314 3244 Messalam,
338 3163 364 3227 si
387 3162 517 3244 quidem·
533 3162 597 3227 iam
618 3167 685 3226 tum
708 3181 779 3226 eum
794 3166 940 3241 noverat,
963 3179 1021 3226 suo
1042 3161 1110 3229 iure
1136 3161 1258 3225 silentio

136 3268 308 3344 praeterire
327 3269 456 3348 poterat
477 3270 571 3346 poeta
592 3265 625 3330 in
647 3283 684 3330 eo
700 3263 835 3330 eorunm
857 3282 919 3344 quo
931 3263 1146 3329 vehementius
1159 3281 1256 3344 quam

137 3371 279 3440 omnibus
301 3367 412 3434 ceteris
435 3367 467 3431 in
487 3385 538 3432 res
560 3367 687 3432 bellicas
710 3365 932 3452 invehebatur3
955 3365 1012 3430 sed
1032 3365 1142 3432 Deliae
1175 3383 1256 3431 com-

138 3471 362 3562 memoratione
384 3470 412 3534 si
433 3485 543 3536 revera
564 3469 628 3535 iam
649 3475 717 3534 tum
744 3469 826 3534 inter
859 3473 1026 3551 utrumque
1063 3468 1255 3534 consuetudo

140 3573 355 3666 mteroedebat
386 3572 585 3656 nullomodo
609 3571 815 3658 supersedere
847 3575 982 3654 poterat.
1026 3569 1138 3654 Itaque
1169 3578 1255 3636 recte

139 3665 310 3770 Dassovius
333 3675 457 3758 collegit
478 3675 611 3758 elegiam
633 3674 784 3740 decimam
805 3675 837 3739 in
859 3674 892 3739 id
903 3679 1026 3755 tempus
1049 3674 1163 3740 cadere
1195 3693 1257 3756 quo

107 3841 109 3844 .
139 3800 198 3850 nec
219 3780 389 3846 Messalam
411 3797 468 3846 nec
488 3777 611 3844 Deliam
632 3783 728 3860 poeta
749 3783 887 3844 noverat.
996 3815 998 3822 ,

226 3913 288 3984 Sed
312 3915 514 3983 vehementer
534 3915 696 3999 quaeritur
718 3915 801 3996 quod
834 3913 930 3979 fuerit
965 3913 1041 3979 illud
1062 3913 1178 4006 bellum
1214 3899 1275 3980 ad'

45 4092 48 4099 ,
141 4021 225 4104 quod
246 4020 306 4086 hac
328 4019 428 4101 elegia
454 4037 496 4084 -se
532 4019 602 4102 rapi
639 4011 734 4101 'poeta
771 4018 927 4099 queritur;
966 4036 1029 4098 qua
1065 4017 1193 4098 quidem
1227 4018 1260 4083 in
1355 4047 1358 4056 »

142 4109 326 4205 quaestione
349 4122 543 4203 explananda
564 4122 596 4186 id
619 4119 787 4191 tenendum
809 4126 858 4186 est
880 4138 1013 4185 carmen.
1028 4118 1261 4194 decimumesse

142 4245 295 4312 perquam
317 4225 449 4291 iuvenile
473 4243 550 4307 opus
575 4230 670 4307 atque
691 4224 724 4288 id
746 4224 861 4288 bobum
884 4224 922 4288 de
954 4241 1015 4304 quo
1049 4223 1155 4304 agitur
1189 4229 1262 4288 ante

142 4329 260 4406 bellum
282 4327 503 4409 Aquitanicum
525 4333 649 4410 gestum
671 4345 750 4394 esse.
795 4326 963 4392 Passovius
997 4325 1094 4408 igitur
1126 4345 1164 4392 ex
1194 4327 1263 4408 ipsa
1296 4407 1298 4412 Ι

209 4501 234 4572 1)
253 4516 342 4566 opuaa.
361 4500 436 4559 arad,
454 4499 519 4565 disp.
537 4495 616 4556 Bach',
635 4516 660 4564 p.
679 4499 730 4556 280
748 4513 788 4562 aq.
913 4527 916 4534 ›
