3022 4982
556 244 771 332 ...15¹-

96 453 272 520 Messalam
299 445 393 519 ''inde
431 473 450 518 a
486 473 560 544 vcro
609 455 682 518 anni
721 457 802 520 724·
826 470 926 536 usquc
964 456 1002 520 ad
1040 456 1123 521 idom
1164 455 1230 522 fere

97 564 226 641 tempus
250 558 321 622 anni
346 559 408 622 725
431 576 487 639 pro
511 558 636 622 consulo
671 558 702 622 in
736 558 826 639 Syria
859 557 962 624 fuisse.
999 560 1112 640 ¹(Adde
1146 562 1230 642 quod

97 661 271 726 Messalam
294 660 414 725 Tibullo
427 668 553 725 auctore
577 660 625 736 (cl.
649 661 748 740 132)
772 661 881 726 cohors
905 661 1120 741 comitabatur,
1144 665 1230 729 cuius

96 764 153 827 nbi
176 765 293 828 mentio
327 752 363 828 lit
396 763 457 828 nori
480 763 608 827 dubium
641 769 690 828 est
718 765 791 844 qrrin
826 765 864 828 de
887 761 1087 845 proconsule.
1105 771 1227 847 agatur.

73 867 189 931 'Inter
212 885 319 932 omnes
343 867 424 930 enim
448 871 571 930 constat
593 872 660 931 tum
683 868 833 947 temporis
862 885 916 931 eos
946 867 999 948 qui
1021 886 1078 948 pro
1102 870 1226 934 consule
1278 941 1281 946 ,
1355 935 1359 941 ,

96 969 150 1033 vel
174 989 232 1050 pro
255 969 415 1050 praetore'
430 969 460 1032 in
483 969 649 1050 provinciis
678 988 729 1033 res
752 964 1014 1034 administrabant
1036 990 1097 1035 non
1125 971 1226 1036 solum

95 1091 265 1136 numerum
281 1073 437 1153 quendam
460 1072 607 1136 iuvenum
623 1072 825 1137 nobilioribus
849 1073 924 1138 locis
950 1079 1095 1138 natorum
1118 1093 1244 1163 secum

98 1174 220 1240 habere
244 1175 353 1240 solitos
376 1193 445 1238 esse
474 1175 527 1256 qui
550 1175 702 1240 rationem
725 1175 797 1239 belli
827 1176 955 1256 gerendi
977 1177 1026 1240 vel
1048 1177 1224 1257 provinciae

98 1278 368 1342 administrandae
385 1278 669 1364 cognoscerentur]
694 1278 724 1342 in
739 1277 860 1352 iudiciis
876 1297 1071 1344 assessorum
1086 1281 1229 1360 partibus

97 1380 316 1461 fungerentur,
345 1381 401 1445 sed
430 1399 524 1460 saepe
552 1381 647 1444 etiam
670 1380 728 1444 sibi
757 1381 932 1446 devinxisse
955 1401 1050 1446 unum
1073 1384 1122 1447 vel
1146 1401 1228 1447 com·

96 1484 207 1564 plures
230 1484 314 1548 viros
336 1483 419 1564 omni
441 1484 583 1548 doctrina
610 1484 750 1547 eruditos
772 1503 903 1566 quorum
927 1503 965 1548 ex
987 1504 1046 1548 usu
1070 1486 1228 1552 cotidiano

95 1587 182 1650 inter
204 1586 277 1650 belli
298 1586 422 1650 labores
445 1591 478 1650 et
499 1586 637 1667 pericula
660 1585 794 1651 fructum
818 1593 850 1651 et
866 1587 1105 1652 oblectationem
1128 1589 1226 1653 animi
1320 1631 1322 1636 -
1412 1599 1417 1608 '

97 1694 271 1766 sumerent,
295 1689 348 1770 qui
370 1689 536 1753 comitatus
572 1689 658 1754 ducis
687 1690 797 1754 cohors
834 1691 883 1754 vel
917 1691 1026 1757 cohors
1060 1692 1229 1756 amicorum

96 1792 150 1855 vel
175 1771 321 1856 comitum
344 1791 495 1871 appellari
517 1787 676 1872 solebat.¹)
1182 1793 1185 1800 '

188 1911 249 1976 Sed
273 1911 347 1992 quid
369 1910 443 1975 fecit
458 1911 594 1976 Messala
616 1931 673 1992 per
695 1914 832 1994 spatium
855 1914 1004 1994 temporis
1027 1915 1111 1994 quod
1134 1915 1228 1978 inter-

97 2015 245 2078 estinter
267 2033 403 2094 pugnam
420 2015 579 2079 Actiacam
602 2022 635 2079 et
656 2035 712 2080 ver
734 2017 805 2080 onrri
831 2019 892 2080 aar
916 2036 977 2097 quo
1000 2017 1132 2080 diximus
1155 2037 1226 2081 eum

96 2119 280 2198 ingressum
304 2136 373 2181 esse
396 2119 585 2198 provinciam
614 2120 890 2200 proconsularem?
920 2119 991 2184 Sine
1016 2121 1109 2184 dubio
1132 2121 1229 2200 parti·
1310 2190 1313 2195 ,

97 2239 176 2301 ceps
209 2219 268 2283 luit
301 2225 368 2283 tum
401 2221 551 2300 temporis
574 2221 754 2286 ultimorum
782 2222 812 2284 in
840 2224 983 2304 Aegypto
1007 2224 1228 2302 certaminum3

97 2325 188 2406 (eum
210 2324 253 2387 ibi
267 2329 426 2387 uersatum
441 2343 509 2388 esse
526 2324 627 2387 elrrcet
643 2343 660 2387 c
676 2324 787 2388 Tibulli
811 2325 913 2405 elegia
929 2328 975 2404 7);
989 2325 1036 2389 cui
1053 2315 1226 2390 sentcntiae

95 2446 164 2491 non
180 2427 286 2491 obstat
302 2427 385 2508 quod
401 2425 538 2490 Tibullus
550 2426 609 2490 hoc
624 2433 764 2508 tempore
778 2428 822 2508 (id
838 2427 920 2508 quod
942 2419 1023 2491 infra
1038 2428 1226 2511 videbimus)

97 2529 256 2612 Corcyrae
277 2529 405 2594 relictus
421 2529 487 2592 sine
510 2548 544 2593 sc
568 2531 695 2594 comites
718 2548 775 2610 per
796 2549 884 2594 mare
900 2531 1060 2611 Aegaeum
1083 2537 1227 2596 vecturas

97 2651 173 2696 esse
197 2632 348 2713 queritur,
373 2632 404 2695 id
427 2633 510 2712 qnod
533 2633 585 2713 qui
609 2632 710 2696 adhuc
733 2633 870 2696 carmina
892 2632 1004 2696 Tibulli
1027 2634 1225 2713 interpretati

97 2741 177 2799 sunt
205 2754 311 2799 omnes
345 2735 386 2798 ad
418 2735 480 2798 iter
512 2735 544 2797 in
568 2734 689 2817 Syriam
712 2733 888 2799 iaciendum
921 2734 1124 2828 rettulerunt3
1156 2755 1228 2800 nam

98 2837 213 2902 eodem
236 2838 303 2902 iure
327 2827 384 2900 ad'
400 2838 461 2900 iter
482 2837 513 2900 in
535 2839 714 2920 Aegyptum
748 2838 873 2922 referri¹
891 2843 1006 2921 potest,
1030 2858 1091 2918 quo
1115 2838 1225 2903 eadem

8 3029 9 3034 ἵ
105 2939 175 3003 lere
200 2941 250 3004 via
272 2938 529 3026 proficiscendum
558 2945 627 3003 erat
650 2960 711 3021 qua
734 2941 764 3003 in
787 2941 917 3022 Syriam.
963 2941 1009 3005 Re
1036 2941 1067 3004 in
1089 2943 1233 3022 Aegypto

8 3051 9 3060 ’
54 3097 59 3106 .
99 3044 265 3106 decertata
280 3042 418 3106 Messala
432 3042 688 3122 proconsulatum
712 3043 789 3108 iniit.
836 3043 1004 3108 Occasione
1021 3043 1097 3108 data
1112 3044 1230 3125 gladia-

99 3146 195 3210 dores
219 3146 367 3210 exstinxit
389 3164 488 3226 caque
522 3165 556 3209 re
580 3145 755 3226 Augustum
790 3147 1030 3227 inperpetuum
1061 3147 1172 3211 timore
1194 3148 1230 3210 li-

98 3249 225 3313 beravit
247 3267 355 3313 eorum
383 3249 543 3312 hominum
576 3249 629 3329 qui
651 3249 817 3329 periculosi
840 3249 1026 3313 videbantur
1058 3255 1090 3312 ct
1112 3268 1225 3313 novam

99 3351 288 3416 seditionem
311 3350 402 3422 facilc
437 3353 562 3444 proturi.
606 3351 823 3434 Proconsulori
863 3370 990 3414 inuuere
1013 3367 1229 3431 por0annuum

99 3463 227 3535 tempus
250 3447 374 3518 iunctus
398 3473 426 3518 a.
452 3455 512 3518 725
536 3455 666 3519 Romam
702 3455 795 3518 rediit
820 3453 957 3518 *fortasse
992 3472 1062 3517 cum
1086 3453 1229 3534 Augusto

102 3557 210 3638 ibique
235 3562 445 3621 commoratus
470 3561 640 3638 estusque
675 3557 747 3622 drrm
771 3557 816 3630 nd
834 3557 1013 3637 Arpuitanos
1030 3556 1231 3620 debellandos

101 3660 219 3724 missus
243 3665 299 3725 cst.
404 3691 408 3700 ·

191 3780 251 3844 llic
273 3780 372 3864 igitur
406 3778 511 3844 evadit
534 3797 571 3842 cx
595 3779 710 3870 nostris
733 3779 906 3843 rationibus
941 3798 1050 3844 cursus
1073 3779 1230 3844 Messalae
1322 3835 1324 3839 .

103 3883 190 3948 vitae
231 3883 313 3946 intra
353 3901 451 3946 annos
486 3882 547 3945 723
585 3887 618 3946 et
662 3883 733 3946 727.
778 3882 950 3962 Postquam
983 3883 1067 3962 apud
1104 3883 1228 3946 Actium

101 3985 188 4066 parti
224 3985 345 4050 cuidam
394 3980 501 4050 classis
550 3983 686 4064 praefuit
722 3983 879 4065 profectus
932 3991 981 4050 est
1028 3985 1059 4049 in
1106 3985 1230 4066 Aegyp-

102 4094 170 4152 tum
210 4089 262 4152 ubi
299 4088 431 4152 interest
459 4086 578 4152 ultimis
616 4087 646 4150 in
676 4088 869 4152 Antonianos
906 4087 1041 4169 proeliis.
1092 4088 1138 4152 Re
1176 4089 1229 4153 de-

101 4190 221 4255 bellata
263 4196 390 4271 praeest
427 4190 535 4273 Syriae
568 4189 758 4270 'Ciliciaeque
783 4189 1017 4278 proconsulari
1058 4196 1226 4271 potestate.

102 4295 194 4359 Anno
218 4295 278 4358 725
301 4293 434 4358 Romam
467 4293 557 4359 redit.
604 4292 753 4374 Sequenti
786 4298 891 4368 autem
926 4311 1007 4357 anno
1030 4293 1165 4358 mittitur
1193 4299 1230 4358 ut

140 4483 142 4490 ·
160 4433 193 4532 ἰ)
211 4465 246 4524 cr,
265 4429 427 4529 unauna,
445 4463 513 4522 ram.
526 4445 699 4519 'scaiman
718 4463 731 4514 1
750 4480 776 4528 p,
793 4463 844 4518 aaa
863 4463 970 4520 casaur.
988 4465 1057 4528 1o,n.
1074 4463 1141 4529 aaa.
