3022 4982
500 365 504 377 .
596 267 804 388 43¹1...

81 556 85 563 ,
124 473 278 554 'credibile
322 509 383 555 non
416 495 563 571 putamus
596 489 759 568 Tibullum,
810 491 910 555 virum
948 489 1124 554 modestum
1161 494 1255 572 atque

133 592 235 656 animo
247 611 320 657 vere
332 593 459 673 urbano,
476 612 604 674 passum
627 611 696 657 csse
719 593 886 657 aMessala
908 594 1021 658 iterum
1033 594 1207 674 iterumque
1221 613 1254 658 se

90 711 94 719 ·
132 695 276 774 precibus
288 697 394 777 urgeri
417 697 599 778 priusquam
609 696 638 759 ei
654 696 887 776 obsequeretur.
923 695 1021 760 lmmo
1044 696 1171 760 dubium
1193 711 1255 761 non

132 797 257 861 videtur
293 799 367 881 quin
400 799 555 864 Messalae
585 797 726 879 quamvis
759 799 854 863 invito
888 796 990 863 animo
1023 799 1129 864 statim
1162 803 1256 879 poeta

135 919 168 963 se
191 900 381 981 adiunxerit3
406 920 444 965 ex
467 911 530 982 qua'
552 891 657 966 tamen
687 919 720 965 re
754 901 936 982 gravissime
970 907 1100 982 peccant
1132 902 1184 982 qui
1206 901 1256 966 Ti·
1318 885 1322 893 ’

132 1002 251 1066 bullum
273 1004 419 1086 colligant
441 1011 506 1069 tam
529 1004 694 1069 obnoxium
716 1003 960 1085 obstrictumque
982 1003 1078 1068 fuisso
1099 999 1253 1069 Messalae

136 1110 173 1169 ut
195 1106 223 1168 ei
245 1125 307 1170 non
329 1112 395 1172 tam
416 1107 524 1172 liceret
546 1106 586 1171 ad
609 1101 700 1170 suum
723 1107 886 1172 arbitrium
914 1107 997 1172 ritae
1035 1091 1186 1172 rationem
1209 1108 1254 1172 in-

119 1207 263 1284 .·stituere
288 1209 381 1290 quam
404 1208 600 1274 subeundum
623 1214 708 1274 essct
736 1208 942 1290 quodcunque
975 1209 1026 1274 ille
1040 1193 1047 1201 ⁸
1063 1208 1168 1275 fautor
1200 1230 1255 1291 po-

131 1310 501 1390 tentissimusiussisse't
547 1311 656 1393 Neque
679 1312 760 1376 enim
784 1331 920 1394 unquam
943 1313 1002 1377 etsi
1035 1299 1129 1399 variis
1162 1313 1255 1377 bene-

122 1411 210 1477 ·ficiis
235 1411 413 1479 aMessala
436 1413 581 1479 affectum
618 1433 690 1478 eum
713 1418 782 1479 e‘sse
819 1400 884 1479 veri
907 1421 957 1480 est
992 1415 1091 1480 simile
1128 1414 1156 1480 ei
1189 1422 1254 1481 tam

140 1515 314 1581 subiectum
337 1517 576 1608 devinctumque
598 1517 738 1582 Tibullus
761 1536 794 1582 se
818 1518 954 1582 reddidit
980 1524 1016 1583 ut
1048 1537 1118 1582 cum
1151 1512 1255 1599 aliqua

130 1619 197 1703 peri
220 1620 322 1699 specie
347 1621 409 1684 tale
433 1619 508 1701 quid
538 1620 770 1698 arbitraremur,
802 1621 851 1684 cui
886 1621 932 1684 rei
969 1621 1146 1686 testimonio
1181 1627 1255 1686 sunt

133 1721 199 1785 eius
223 1722 363 1788 carmina
384 1723 415 1786 in
439 1723 552 1804 quibus
575 1741 779 1804 quaecunque
802 1724 841 1787 de
863 1741 991 1788 ususuo
1006 1723 1161 1788 Messalae
1183 1743 1254 1806 pro-

132 1824 213 1888 didit
235 1844 273 1890 ea
295 1825 398 1890 omnia
420 1845 481 1889 non
504 1831 570 1890 tam
591 1826 842 1917 potentissimum
869 1826 952 1891 vitae
985 1827 1137 1892 arbitrum
1160 1846 1253 1909 quam

74 1964 77 1970 ·
132 1928 267 1992 amicum
299 1919 625 1993 benevolentissimum
664 1933 815 2009 spectant.
873 1928 1042 1994 Censemus
1076 1928 1171 2010 igitur
1204 1930 1253 1994 Ti·
1329 1990 1333 1998 .

130 2029 250 2094 bullum
272 2030 427 2094 Messalae
449 2030 592 2110 precibus
616 2031 723 2095 statim
754 2031 935 2096 obsecutum
970 2051 1040 2096 eum
1074 2033 1105 2096 in
1137 2032 1253 2096 bellum

131 2133 293 2197 Actiacum
315 2134 496 2198 comitatum
518 2152 587 2198 esse
610 2134 744 2214 indeque
767 2139 835 2199 cuni
868 2134 959 2198 eoin
990 2135 1149 2199 Orientem
1182 2154 1253 2215 pro-

130 2225 225 2300 ficisci
247 2236 391 2302 voluisse.
437 2236 506 2314 Qua
534 2237 566 2300 in
599 2236 794 2316 expeditione
829 2256 897 2301 cunr
931 2237 962 2301 in
995 2238 1096 2302 insula
1119 2236 1253 2320 Corcyra

133 2345 241 2403 morbo
264 2339 439 2419 implicatus
462 2358 623 2404 remanere
651 2344 816 2420 cogeretur
849 2359 973 2404 carmon
1008 2341 1137 2405 tertium
1171 2359 1253 2405 com-

131 2441 237 2520 posuit
259 2461 320 2522 quo
343 2443 381 2505 de
405 2442 492 2506 abitu
508 2442 837 2507 suoexurbemisere
862 2443 1002 2522 queritur
1025 2461 1121 2523 seque
1150 2442 1252 2523 ipsum

14 2611 16 2618 ,
59 2587 61 2592 μ
130 2544 331 2608 vehementer
352 2544 552 2625 reprehendit
575 2545 659 2625 quod
675 2531 909 2608 Deliam‘suam
932 2549 964 2608 et
975 2546 1110 2625 patriam
1134 2551 1251 2610 temere

130 2645 300 2728 reliquerit.
340 2629 373 2710 Ἐ
395 2648 502 2712 morbo
526 2651 631 2711 autem
654 2650 813 2710 recreatus
836 2646 942 2710 statim
958 2647 1090 2712 Romam
1122 2649 1250 2728 repetiit

131 2748 185 2812 ubi
207 2749 281 2814 mibi
305 2750 430 2830 quidem
462 2748 622 2830 probabile
645 2735 780 2813 'videtur
806 2749 987 2814 condidisse
1021 2770 1092 2813 eum
1126 2769 1250 2814 carmen
1296 2829 1299 2836 .

131 2852 442 2932 primumMessalae
476 2871 510 2916 so
544 2857 763 2916 excusaturum
800 2871 854 2916 cur
890 2852 1068 2916 valetudiue
1099 2853 1251 2928 restituta

70 3035 72 3040 Ι
132 2955 264 3040 amicum
286 2974 347 3020 non
370 2960 555 3035 sequeretur
577 2954 632 3019 sed
654 2955 686 3018 iu
708 2954 784 3018 urbe
807 2955 907 3019 Roma
929 2955 1036 3019 mallet
1057 2974 1232 3020 remanere.

216 3058 303 3122 Haec
325 3077 398 3140 mea
417 3059 456 3121 rle.
485 3058 597 3122 harum
634 3063 767 3138 utraque
804 3058 973 3138 elegiarum
1010 3063 1058 3122 est
1076 3117 1080 3129 ,
1096 3059 1251 3122 sententia
1279 3071 1281 3074 ’

133 3181 195 3242 qna
217 3167 294 3241 puto
316 3160 449 3241 primam
471 3166 544 3240 post
565 3161 690 3224 tertiam
714 3177 784 3223 esse
807 3159 1018 3250 compositam.

640 3418 738 3494 IX·
836 3357 840 3366 Ι

120 3588 144 3632 ·,
215 3570 281 3636 Iam
305 3570 345 3635 ad
367 3571 508 3636 carmina
531 3571 558 3633 2.
593 3572 621 3634 5.
639 3562 676 3632 ’6
709 3575 907 3634 transeuntes
941 3570 980 3635 de
1013 3571 1123 3635 horum
1157 3569 1249 3649 primi

130 3665 255 3754 quidem
277 3679 416 3754 tempore
440 3671 656 3752 aliquid'certi
677 3677 816 3736 statuere
839 3691 1004 3752 possumus
1028 3690 1067 3736 ex
1088 3692 1115 3736 v.
1141 3673 1246 3762 69-72.

129 3776 166 3840 In
187 3777 235 3840 his
259 3777 339 3841 enim
361 3775 502 3840 versibus
540 3781 799 3839 commemoratur
834 3775 949 3839 bellum
986 3775 1142 3857 quoddam
1179 3793 1249 3839 con-

129 3884 180 3944 tra
196 3879 305 3944 Cilices
328 3885 466 3960 gestum¹
486 3877 597 3959 quibus
620 3877 695 3940 nihil
711 3877 795 3941 aliud
807 3883 901 3958 poeta
924 3878 1047 3942 videtur
1058 3877 1248 3957 spectavisse

123 3981 187 4064 nisi
209 4001 260 4046 res
284 4001 303 4046 a
324 3980 461 4046 Messala
482 3981 514 4045 in
537 3979 642 4044 Cilicia
664 3985 779 4061 gestas.
825 3978 892 4044 Iam
908 3993 978 4044 cum
989 3979 1127 4044 Messala
1140 3979 1247 4060 Syriae

102 4105 109 4120 ·
129 4083 316 4165 Ciliciaeque
338 4077 510 4165 praefuerit
531 4075 588 4162 pc'r
609 4102 637 4148 a.
663 4084 726 4146 724
748 4088 780 4147 et
801 4088 924 4163 partem
947 4083 1018 4146 anui
1043 4083 1103 4146 725
1116 4088 1249 4162 apparet

128 4187 208 4252 banc
230 4188 362 4269 elegiam
384 4207 444 4252 non
475 4192 547 4250 ante
570 4203 598 4250 a.
634 4185 695 4248 725
710 4191 825 4249 natam
841 4187 936 4251 esse.
981 4185 1042 4250 Sed
1076 4183 1115 4247 de
1147 4179 1265 4264 elegia

130 4291 205 4354 oet
227 4292 245 4353 6
267 4290 359 4370 plane
380 4309 437 4355 nos
467 4287 614 4354 deficiunt
650 4288 845 4367 testimonia
873 4306 955 4368 ¹nam
992 4285 1089 4368 quod
1112 4304 1135 4352 c.
1164 4277 1246 4366 -5‚3'7
1291 4353 1294 4360 ,

128 4399 223 4473 poeta
245 4393 333 4472 dicit3
357 4393 427 4472 ,huc
448 4393 552 4457 veniet
579 4393 717 4458 Messala
731 4393 830 4455 meus‘
853 4409 902 4454 me
916 4389 1041 4471 quidem
1055 4388 1246 4453 iudiceinde

130 4496 269 4560 concludi
318 4514 379 4560 non
415 4487 520 4576 potest
555 4495 724 4562 Messalam
761 4494 924 4560 etiamtum
953 4491 1072 4556 ‘Roma
1119 4490 1244 4556 afuisse.
