3022 4982
707 278 913 342 „24-

255 472 304 532 est
327 464 528 548 Baehrensio‚
552 465 611 532 hac
648 465 940 532 commemoratione
962 463 1118 530 Messalae
1151 463 1268 547 aliquid
1290 465 1374 546 grati

237 570 434 651 'acceptique
458 570 569 634 dicere.
694 579 696 584 '

336 673 403 736 Iam
427 691 507 752 quae
531 673 653 753 singula
675 673 705 736 in
728 673 792 738 666·
809 673 944 738 carmine
967 671 1128 751 vituperat·
1146 670 1312 736 Teuffelius
1335 689 1374 734 ea

160 769 163 776 ’
211 847 213 850 ,
251 774 316 839 fere
339 775 442 839 oninia
474 775 506 839 in
539 774 651 839 ceteris
674 794 798 857 quoque
830 774 1018 840 carminibus
1041 773 1221 838 Tibullianis
1256 773 1373 837 inveni-

251 883 361 956 untur3
386 877 470 958 quod
492 877 672 959 singillatim
687 879 902 944 demonstrare
924 878 1051 958 longum
1073 882 1137 954 est;
1161 893 1222 940 uno
1246 876 1376 957 quidem

251 1000 296 1044 ex.
311 980 359 1044 his
394 980 477 1044 vitiis
501 980 635 1060 opinatis
669 999 794 1046 carmen
827 979 903 1046 illud
924 979 1065 1044 liberabo
1099 998 1160 1060 quo
1183 978 1289 1060 qualia
1311 979 1375 1042 sint

252 1089 357 1147 cetera
378 1082 467 1148 facile
489 1083 705 1164 perspiciatur.
1077 1151 1078 1154 ,

239 1193 242 1200 “
327 1183 431 1250 116116
454 1185 535 1249 enirn
568 1185 636 1250 iure
657 1185 823 1254 Teuffelius
848 1185 982 1250 offensus
1017 1191 1066 1249 est
1088 1184 1218 1266 singulis
1246 1185 1374 1249 vocibus

251 1289 282 1352 in
293 1287 352 1352 hoc
363 1287 498 1353 carmine
509 1288 622 1353 iterum
628 1289 804 1370 iterumque
818 1289 969 1370 repetitis.
994 1285 1074 1353 Nam
1091 1287 1172 1366 inter
1184 1303 1290 1351 omnes
1303 1305 1375 1351 con-

161 1448 164 1454 .
251 1397 316 1477 stat
327 1391 422 1456 etiam
433 1390 491 1456 boc
504 1391 615 1456 Tibulli
626 1391 786 1472 proprium
798 1409 867 1456 esse
880 1410 941 1472 quo
953 1410 1045 1456 nemo
1057 1395 1222 1472 poetarum
1238 1389 1374 1471 Augusti

252 1499 358 1582 aetate
381 1491 557 1558 florentium
581 1493 707 1574 saepius
729 1492 848 1574 figuras
870 1494 1065 1574 repetitionis
1088 1493 1254 1558 verborum
1283 1511 1375 1556 usur-

250 1596 345 1676 pavit.
392 1596 486 1660 (luins
520 1597 566 1662 rei
599 1601 635 1659 ut
667 1597 809 1689 exempla
842 1596 1018 1660 ecarmiue
1052 1595 1189 1660 omnium
1220 1613 1374 1660 consensu

251 1698 459 1778 pulcherrimo
482 1697 619 1777 afferam,
643 1699 676 1763 iu
698 1699 799 1780 elegia
821 1699 922 1778 prima
943 1699 1094 1764 vocabula
1113 1685 1227 1764 'eadem
1256 1697 1374 1768 inveni-

252 1807 347 1867 untur
369 1803 401 1866 in
422 1802 508 1866 hisce
525 1792 679 1866 versibus:
706 1805 721 1864 1
746 1802 891 1866 assiduus
914 1803 933 1864 6
956 1801 1082 1866 assiduo
1121 1838 1143 1846 -
1170 1801 1373 1881 manriquus

252 1906 437 1987 orantique
459 1942 501 1951 -
524 1906 542 1968 5
565 1905 658 1968 inerti
682 1908 719 1968 11
741 1905 826 1968 iners
850 1942 891 1952 -
915 1907 952 1967 17
978 1909 1082 1967 custos
1106 1905 1145 1966 ‘22
1163 1905 1307 1967 custodes
1330 1939 1373 1948 —·-

253 2009 293 2069 22
316 1993 420 2087 parvas
447 2009 487 2070 25
521 2026 618 2088 parvo
642 2046 683 2055 -
706 2009 745 2071 55
768 2007 905 2071 vinctum
939 2009 980 2069 64
1002 2007 1106 2070 uincta
1128 2011 1211 2070 —7
1246 2012 1373 2069 teneras

242 2095 292 2173 ‘46
316 2116 424 2174 tenero
447 2111 488 2173 64
511 2116 617 2174 tenero
641 2112 681 2174 68
694 2109 817 2174 teneris.
864 2110 932 2186 Qua
944 2110 982 2173 de
995 2128 1028 2172 re
1042 2107 1083 2172 ea
1091 2129 1214 2190 quoque
1230 2108 1372 2173 conferas

216 2241 218 2245 ·
253 2231 335 2293 qnae
358 2212 520 2281 Dissenius
533 2213 689 2294 congessit
711 2214 741 2276 in
767 2213 890 2277 dissert.
915 2213 953 2276 de
979 2213 1068 2294 poesi
1093 2212 1157 2276 Tib.
1182 2212 1221 2278 II.
1244 2231 1274 2292 p.
1301 2214 1371 2280 165.

334 2315 381 2380 lix
402 2315 450 2380 his
473 2316 568 2397 igitur
604 2334 685 2396 quae
719 2316 757 2379 de
780 2316 915 2380 carmine
943 2316 1075 2396 septimo
1093 2315 1202 2392 ¹adbuc
1224 2313 1374 2379 disserui-

195 2414 197 2421 '
249 2421 318 2483 inus
341 2419 516 2484 luculenter
538 2423 670 2498 apparet
692 2419 846 2483 erravisse
869 2405 1070 2484 veliementer
1092 2417 1273 2483 Teuffeliurn
1289 2419 1374 2498 quod

249 2522 307 2587 hoc
322 2541 447 2586 carmen
461 2527 590 2603 propter
605 2522 786 2586 mendosam
804 2523 870 2586 eins
885 2528 1037 2587 naturam
1061 2522 1220 2610 opinatam
1235 2521 1374 2602 primum

248 2625 333 2689 inter
356 2625 460 2690 omnia
493 2630 602 2688 na'tum
636 2643 705 2688 esse
728 2625 949 2691 arbitrabatur.
996 2625 1099 2705 Atque
1133 2629 1256 2688 tautum
1280 2625 1373 2688 abest

249 2734 288 2793 ut
316 2734 405 2793 certa
427 2729 696 2808 argumentatione
719 2727 859 2792 Teuffelii
882 2728 1037 2791 sententia
1058 2727 1147 2791 nobis
1170 2728 1304 2808 probata
1325 2727 1372 2791 vi-

249 2833 361 2898 deatur
382 2837 419 2895 ut
441 2831 468 2894 si
490 2831 560 2912 quis
583 2831 686 2894 omnia
709 2831 845 2894 carmina
867 2831 937 2895 libri
970 2831 1061 2910 primi
1095 2836 1168 2895 ante
1203 2831 1372 2911 septimum

248 2935 421 3018 composita
444 2931 513 2998 esse
537 2934 704 2998 contendat
726 2933 792 2997 eius
815 2933 988 2998 sententiae
1018 2951 1220 3014 quaecunque
1244 2933 1372 2998 devita

247 3038 359 3109 Tibulli
380 3056 437 3118 pro
460 3036 625 3117 compertis
648 3035 798 3100 habemus
826 3054 864 3100 ea
886 3037 989 3100 omnia
1011 3035 1138 3100 faveant
1159 3018 1264 3117 ¹a'tque
1299 3036 1372 3100 sub-

246 3141 386 3219 veniant;
410 3140 442 3205 id
470 3139 553 3220 quod
587 3157 656 3203 cum
679 3144 854 3208 ceterarum
887 3138 1060 3220 elegiarum
1093 3129 1302 3203 condicionem
1324 3138 1372 3202 dt·

247 3245 440 3326 spexerimus
463 3243 541 3308 satis
564 3242 647 3307 clare
670 3241 808 3308 enitebit.

749 3431 869 3512 vu.

179 3625 181 3629 ,
331 3554 540 3619 Transeamus
563 3550 660 3632 igitur
681 3550 714 3614 si
730 3550 833 3631 placet
860 3551 900 3614 ad
923 3561 1048 3616 carmen
1070 3549 1225 3616 decimum
1251 3549 1282 3617 id
1306 3568 1368 3633 quo

245 3657 314 3721 iure
337 3657 478 3739 plerique
500 3654 559 3719 viri
582 3654 611 3720 d.
635 3654 735 3735 primo
758 3653 825 3719 loco
847 3654 1009 3734 posuerint
1032 3654 1236 3736 explanaturi.
1302 3733 1304 3738 Ι

331 3760 418 3837 Quae
452 3758 578 3840 quidem
612 3757 759 3837 quaestio
793 3756 926 3822 difficilis
959 3763 1057 3838 atque
1080 3758 1180 3822 ardua
1213 3758 1370 3838 estquod

245 3864 336 3944 plane
359 3862 502 3927 destituti
535 3879 642 3926 sumus
677 3866 762 3928 certo
786 3861 963 3932 testimonio
991 3860 1224 3941 historiaeque
1253 3860 1369 3925 bellum

245 3966 276 4029 in
297 3965 356 4029 hoc
378 3965 512 4030 carmine
529 3969 805 4030 commemoratum
827 3965 892 4028 suis
908 3964 1101 4056 temporibus
1118 3964 1369 4028 circumscribere

244 4069 409 4150 possimus.
461 4068 523 4134 Sed
553 4067 612 4132 hoc
645 4067 771 4148 quidem
804 4087 861 4148 pro
895 4053 979 4132 certo
1013 4065 1163 4131 affirmari
1191 4071 1297 4150 potest
1319 4065 1370 4131 Ti·

243 4172 362 4238 bullum
385 4192 454 4238 cum
487 4171 545 4236 hoc
579 4189 704 4235 carmen
736 4175 890 4252 pangeret
922 4170 1066 4235 iuvenem
1095 4169 1192 4236 fuisse
1229 4171 1260 4236 id
1284 4171 1369 4252 quod

246 4294 315 4340 curn
344 4295 383 4340 ex
405 4275 568 4341 universae
602 4275 721 4356 elegiae
755 4279 863 4339 tenore
886 4275 1111 4340 sententiarum
1145 4281 1211 4341 tum
1234 4275 1368 4362 maxime

246 4380 426 4446 eversibus
462 4381 501 4444 15
524 4383 557 4444 61
592 4379 630 4443 16
653 4377 743 4444 facile
776 4378 973 4460 perspicitur.
1018 4371 1163 4459 Plerique
1190 4377 1368 4459 igitur‘viri

245 4484 272 4550 d.
298 4483 378 4548 banc
411 4481 543 4564 elegiam
566 4482 606 4548 ad
635 4482 669 4574 ¹id
692 4482 808 4548 bellum
842 4488 926 4548 recte
958 4487 1149 4564 putaverunt
1171 4480 1368 4546 referendam
