3022 4982
723 279 955 384 -ao---¹

258 470 341 552 quod
369 470 547 552 animuma
581 488 615 533 se
633 469 802 548 Δ5515515511
835 468 950 549 aliique
985 469 1051 533 viro
1084 468 1249 550 nupserit..
1284 466 1379 531 Certe

257 574 373 648 mirum,
418 572 542 637 videtur
579 590 648 636 esse
684 571 767 652 quod
819 577 912 650 poeta
932 589 1043 652 ¹quem
1092 571 1123 635 in
1160 571 1238 635 iram
1287 588 1379 650 prae-

192 669 194 676 ’
233 663 383 756 ¹cipitem
407 693 475 738 esse
498 693 536 738 ex
558 673 626 738 aliis
649 673 956 756 locis-cognovimus,
981 657 1127 755 quoniam
1160 693 1221 738 non
1239 672 1380 736 -dubium
1405 666 1408 670 ’

142 803 145 809 ·
258 783 307 842 551
322 777 395 858 5515
406 777 676 844 vehementissime
692 776 795 842 animo
817 777 1019 857 perturbatus
1034 777 1075 841 sit
1087 796 1157 841 cum
1168 777 1290 842 Deliam
1313 791 1382 838 ma-

259 881 436 970 trimonium
458 881 564 944 iniisse
587 879 781 960 comperiret,
805 880 943 944 dolorem
966 899 1057 944 suum
1081 899 1150 944 cum
1171 884 1265 959 poeta
1295 883 1383 942 esset

183 972 190 986 '
260 983 446 1050 carminibus
478 1002 555 1047 non·
573 981 728 1059 5115515515
774 986 914 1047 attamen
964 983 1112 1055 audacius
1148 982 1223 1046 mihi
1256 981 1384 1046 videtur

260 1106 298 1151 ex
320 1085 378 1151 hoc
401 1085 522 1150 silentio
551 1085 695 1166 colligere
734 1085 965 1149 matrimonium
997 1104 1054 1165 per
1090 1091 1214 1166 tempus
1251 1103 1382 1150 consue·
1487 1139 1490 1146 .

259 1189 375 1254 tudinis
397 1188 505 1252 Deliae
529 1193 561 1252 et
583 1187 694 1252 Tibulli
716 1188 756 1252 ab
778 1188 831 1252 illa
852 1181 964 1252 initum
985 1208 1047 1252 non
1074 1207 1146 1252 esse
1179 1187 1235 1252 sed
1271 1177 1382 1252 omnes

260 1291 375 1373 elegias
397 1291 506 1355 Deliae
527 1291 591 1354 iam
612 1293 729 1370 nuptae
757 1285 938 1356 trib'uenrlas
975 1309 1053 1371 esse,
1088 1311 1158 1356 cum
1193 1291 1380 1371 praesertim

261 1400 309 1461 tot
331 1399 500 1474 tantaeque
521 1413 572 1457 res
596 1393 624 1457 ei
647 1393 821 1458 sententiae
855 1392 982 1459 faveant
1003 1414 1065 1475 qua
1092 1398 1240 1475 putamus
1263 1394 1381 1476 elegias

77 1567 79 1574 ,
140 1567 143 1572 ,
263 1502 290 1563 l.
316 1499 343 1563 3.
380 1497 610 1578 boompositas
633 1515 702 1560 esse
726 1513 795 1560 cum
831 1497 921 1562 Delia
955 1498 1118 1562 etiamtum
1154 1498 1249 1563 vidua
1286 1501 1380 1562 esset.

260 1601 329 1665 Hac
361 1600 457 1682 igitur
495 1599 638 1680 opinione
675 1601 833 1665 seductus·
857 1601 1021 1694 1115115555
1058 1601 1090 1664 15
1126 1600 1313 1666 carminibus
1349 1601 1382 1664 in

122 1739 126 1746 ·
252 1703 382 1792 ¹Deliam
403 1703 532 1784 scriptis
572 1702 780 1768 subodoratus
818 1708 867 1767 est
903 1704 1036 1785 coniugii
1072 1704 1205 1786 vestigia
1241 1704 1294 1778 ubi
1330 1723 1382 1768 me

262 1807 388 1889 quidem
411 1807 511 1871 iudice
526 1807 618 1888 plane
639 1806 725 1871 nulla
735 1807 942 1871 inveniuntur.
987 1807 1110 1872 Tertiae
1123 1807 1247 1888 quidem
1263 1807 1382 1890 elegiae

262 1909 399 1976 dubitari
420 1929 482 1974 non
503 1912 610 1990 potest
631 1909 706 1990 quin
726 1909 774 1974 vir
795 1909 825 1975 d.
849 1910 911 1974 vim
934 1910 1076 1975 attulerit
1104 1901 1142 1974 ex
1169 1929 1206 1974 ea
1228 1911 1305 1976 satis
1329 1931 1383 1976 va-

217 2029 219 2032 ’
261 2014 326 2077 lida
349 2017 533 2094 argumenta
555 2012 754 2093 quaesiturus
778 2012 889 2094 quibus
905 2013 1193 2087 sententiamsuam
1217 2013 1382 2102 stabiliret.

262 2116 304 2180 Et
326 2120 410 2180 recte
443 2115 564 2179 monuit
585 2114 620 2178 Ow
634 2115 859 2190 Ribbeckiusll'
887 2134 1090 2197 5555555555
1126 2122 1222 2203 poeta
1257 2117 1289 2182 iu
1324 2119 1383 2184 hoc

153 2304 156 2311 Ι
263 2219 355 2284 tertio
378 2217 513 2283 carmine
536 2218 575 2281 de
597 2236 738 2288 maerore
765 2216 888 2298 puellae
911 2237 972 2299 555
1010 2237 1044 2282 55
1066 2217 1280 2299 proficiscente
1317 2240 1384 2286 cor-

262 2326 353 2401 repta
378 2326 464 2412 ¹erat
513 2320 613 2402 deque
662 2321 734 2385 eius
764 2320 919 2386 desiderio
957 2341 1018 2403 quo
1057 2328 1212 2388 commota
1248 2323 1384 2389 reditum

261 2428 357 2505 poeta
378 2423 573 2504 expectabat,
597 2428 630 2488 et
650 2424 682 2488 in
704 2424 803 2504 primo
817 2415 951 2488 carmine
975 2425 1013 2489 de
1035 2424 1143 2489 funere
1156 2445 1213 2491 suo
1242 2427 1272 2490 in
1295 2428 1385 2508 quin-

264 2515 359 2609 toque
382 2526 509 2592 devita
530 2527 646 2592 rustica
670 2546 738 2598 cum
754 2526 844 2592 Delia
862 2527 925 2592 sibi
952 2528 1094 2610 degenda
1117 2536 1383 2609 commemoraret,

188 2674 193 2681 ·
263 2649 301 2694 ea
324 2630 425 2694 omnia
448 2631 526 2697 adeo
548 2651 609 2696 non
631 2635 748 2711 nuptae
771 2629 903 2695 feminae
933 2632 1094 2696 convenire
1128 2637 1164 2696 ut
1196 2632 1293 2713 siquis
1326 2633 1386 2697 hoc

264 2733 513 2798 contenderetis
536 2753 570 2798 se
598 2734 665 2814 ipse
697 2732 860 2808 fraudaret
890 2734 930 2798 de
963 2735 1124 2814 voluptate
1157 2734 1232 2816 quid
1265 2735 1385 2815 pulchri

205 2865 206 2870 ¹
262 2836 379 2899 inesset
400 2836 432 2898 in
465 2837 524 2900 illis
552 2835 739 2916 carminibus
776 2835 879 2899 animo
916 2842 1000 2900 55515
1037 2838 1234 2918 percipiendi.
1280 2838 1385 2918 Atque

182 2937 186 2944 '
246 2937 622 3018 'equidemvehementer
645 2938 837 3033 dubitotnum
860 2938 998 3003 Richteri
1013 2941 1168 3004 sententia
1183 2941 1219 3004 iis
1242 2937 1385 3005 versibus

265 3041 318 3123 qui
342 3042 489 3123 leguntur
512 3043 540 3120 l,
566 3041 613 3104 55.
638 3042 686 3104 56.
713 3041 740 3120 6,
765 3042 879 3106 9-14.
904 3043 1037 3106 59-64.
1064 3044 1190 3108 31-32
1213 3044 1290 3107 satis
1314 3062 1385 3108 con-

264 3143 415 3210 firmetur.
461 3143 541 3208 Nam
564 3161 621 3208 555
644 3161 721 3224 5555
750 3161 788 3206 55
809 3143 909 3223 primo
933 3145 1066 3209 carmine
1099 3147 1225 3226 repetiit
1258 3166 1277 3210 a
1309 3139 1385 3210 viris

262 3249 291 3312 d.
316 3247 396 3311 male
418 3247 591 3312 intellectos
615 3264 683 3310 esso
712 3247 775 3312 iam
812 3265 906 3326 supra
940 3248 1114 3326 docuimus3
1153 3254 1247 3329 51555
1284 3255 1385 3314 totam

265 3351 397 3432 elegiam
420 3354 541 3414 sextam
562 3348 594 3413 id
618 3355 741 3429 tempus
775 3354 917 3429 spectare
955 3368 1016 3431 555
1053 3351 1143 3416 Delia
1180 3357 1279 3431 nupta
1316 3358 1386 3416 5551
1410 3355 1429 3442 ¹.

265 3473 303 3518 er
325 3472 363 3518 55
384 3452 454 3535 1555
475 3456 572 3532 55151,
597 3451 680 3533 5551
703 3453 827 3532 quidem
850 3452 951 3517 adhuc
972 3471 1062 3518 nomo
1086 3455 1262 3519 dubitavit.-

340 3590 487 3654 Richteri
509 3589 540 3652 in
561 3594 668 3668 partes
691 3588 816 3652 transiit
837 3590 1046 3655 Baehrensius
1069 3591 1099 3668 (l.
1124 3591 1163 3674 c.)
1187 3591 1235 3656 cui
1258 3591 1386 3672 quidem

265 3699 297 3758 et
318 3694 377 3774 ipsi
401 3693 503 3758 omnia
525 3692 661 3756 carmina
683 3691 715 3755 in
736 3691 858 3756 Deliam
869 3699 999 3773 nuptam
1021 3694 1166 3760 videntur
1178 3712 1246 3758 esse
1270 3696 1387 3776 scripta

235 3859 236 3864 ,
265 3802 406 3862 attamen
429 3795 507 3859 alius
530 3799 624 3874 atque
654 3794 799 3859 Richtero
828 3813 935 3860 corum
969 3797 1044 3860 ordo
1065 3797 1235 3876 probatur.
1280 3797 1388 3862 Liceat

265 3901 361 3982 igitur
382 3897 458 3966 mihi
478 3897 660 3961 Baehrensii
689 3897 875 3962 sententiam
902 3898 1039 3963 breviter
1066 3917 1221 3965 enarrare.
1268 3900 1388 3982 ‚Elegia

265 4003 375 4083 prima,
398 4000 507 4080 155511,
530 3999 699 4079 respondet
720 4006 814 4080 poeta
837 4000 1001 4065 Messalae
1015 4001 1068 4083 qui
1090 4002 1387 4084 inOrientempro-

266 4104 405 4169 fecturus
427 4107 554 4183 poetam
575 4102 763 4168 invitaverat
785 4108 821 4168 ut
836 4123 869 4168 se
891 4104 1005 4168 iterum
1018 4105 1232 4171 comitaretur.w
1269 4107 1387 4182 (Antea

266 4208 329 4271 iam
351 4205 423 4270 belli
445 4205 622 4286 Aquitanici
649 4206 806 4286 particeps
842 4205 947 4271 fuerat
982 4207 1120 4273 Tibullus
1158 4227 1196 4273 ex
1232 4209 1388 4274 sententia

266 4307 472 4390 Baehrensii.)
515 4308 654 4374 Recusat
674 4307 754 4373 banc
776 4309 988 4375 invitationem
1019 4317 1113 4390 poeta
1145 4312 1198 4396 551
1221 4311 1389 4378 abhorreat

335 4480 357 4549 1)
374 4481 444 4538 Mus,
462 4478 547 4538 Rhea,
564 4479 684 4535 XXXll.
702 4496 727 4544 p.
745 4479 796 4536 445
814 4497 852 4546 sq.
958 4471 962 4480 ’
