3022 4982
722 277 846 341 -·20
892 313 928 324 ..

265 465 304 533 de
327 465 428 530 causis
452 485 530 548 quas
553 484 648 547 supra
670 467 762 532 attuli
783 465 898 531 bellum
914 466 1132 548 Aquitanicum
1159 484 1239 530 anno
1260 463 1385 529 demum

267 568 328 655 725
351 568 401 633 vel
424 570 485 633 726
508 574 631 650 gestum
655 588 725 634 esse
734 569 855 649 statuit,
868 574 1037 650 postquam
1048 588 1105 650 per
1119 569 1245 651 aliquod
1261 573 1385 648 tempus

264 669 402 736 Messala
423 671 454 735 in
478 671 603 737 Oriente
626 676 770 748 versatus
793 676 886 738 esset.
932 671 1021 754 Quod
1054 673 1169 737 bellurn
1197 690 1267 736 curn
1289 669 1386 734 susci-

264 778 393 853 peretur
414 773 515 855 elegia
537 773 656 848 decima
678 775 707 839 ei
728 775 853 840 videtur
885 775 1046 840 aTibullo
1083 773 1200 856 scripta
1233 791 1319 852 esse3
1355 772 1387 836 id

266 876 349 957 quod
371 895 432 942 non
454 882 609 960 repugnat
630 878 745 942 rationi
766 878 833 952 eius
867 897 930 959 qna
951 897 1027 942 usus
1050 883 1099 943 est
1131 879 1163 941 in
1200 875 1386 942 carminibus

266 978 459 1064 ordinandis;
482 999 555 1045 nam
586 980 719 1052 interest
754 981 835 1056 inter
866 981 1097 1063 panegyricum,
1122 998 1200 1060 opus
1222 979 1307 1042 istud
1329 978 1387 1041 im-

266 1080 448 1162 perfectum,
466 1088 498 1146 et
519 1083 599 1148 hanc
620 1083 756 1148 melioris
779 1089 873 1149 notae
895 1084 1028 1165 elegiam
1058 1082 1257 1148 intervallum
1293 1080 1388 1144 trium

267 1183 333 1248 fere
357 1203 515 1250 annorum.
563 1186 631 1263 Qua
654 1187 692 1250 de
715 1187 816 1268 elegia
838 1187 994 1268 disserens
1017 1191 1101 1252 reete
1132 1186 1317 1250 adversatus
1340 1188 1391 1246 est

270 1287 317 1351 vir
339 1287 368 1352 d.
392 1283 539 1353 Teuffelio
563 1308 632 1354 eam
662 1294 736 1370 post
768 1289 935 1370 septimam
968 1290 1116 1370 scriptam
1149 1307 1218 1352 esse
1255 1285 1387 1368 putanti.

273 1377 441 1456 Commode
465 1393 546 1457 enim
568 1393 741 1486 Hankelius
765 1393 990 1480 demonstravit
1033 1409 1235 1473 quaecunque
1268 1391 1299 1455 in
1332 1389 1391 1454 hac

274 1494 374 1575 elegia
397 1494 538 1560 debello
561 1500 705 1560 extarent
727 1515 765 1560 ea
788 1496 891 1560 omnia
912 1516 973 1561 non
996 1497 1027 1559 iu
1052 1495 1181 1559 militem
1210 1493 1390 1574 exploratae

253 1597 394 1661 ‘virtutis
418 1599 537 1663 cadere.
584 1599 792 1680 Nequaquam
814 1599 895 1663 enim
924 1599 977 1680 qui
999 1599 1115 1662 iterum
1146 1597 1219 1662 belli
1251 1597 1391 1677 pericula

270 1698 429 1765 subiturus
453 1707 538 1766 esset
559 1721 630 1766 eum
654 1702 755 1766 dicere
778 1703 931 1782 potuisse:

451 1804 512 1868 Sed
534 1789 628 1885 patrii
651 1811 775 1872 servate
797 1805 909 1884 Lares;
934 1805 1055 1870 aluistis
1078 1810 1111 1869 et
1132 1805 1215 1868 idern

464 1905 630 1973 Cursarem
652 1913 773 1973 vestros
797 1927 866 1972 curn
888 1914 977 1973 tener
999 1912 1072 1972 ante
1094 1908 1200 1987 pedes,

274 2010 330 2074 sed
354 2011 382 2074 ei
405 2010 568 2074 dicendum
590 2009 687 2076 fuisse
709 2010 844 2076 fortasse
865 2011 938 2075 lloc:
962 2011 1120 2092 ,espatni
1142 2009 1249 2090 Lares,
1273 2014 1397 2074 servate
1491 2003 1492 2012 ³

269 2131 334 2192 me;
347 2113 496 2178 servastis
519 2132 569 2177 me
584 2111 586 2202 J
602 2113 665 2178 iam
688 2118 780 2178 antea
795 2119 953 2194 etprecor
974 2119 1010 2177 ut
1032 2113 1145 2177 iterum
1168 2132 1218 2177 me
1241 2113 1395 2177 servetis‘.

270 2216 360 2281 Unde
384 2213 463 2280 effici
486 2216 571 2280 illam
583 2216 716 2298 elegiam
749 2217 875 2282 anullo
900 2217 960 2282 nisi
977 2216 1016 2282 ab
1039 2234 1076 2280 eo
1100 2215 1303 2296 compositam
1326 2233 1395 2280 esse

199 2345 202 2351 <
271 2337 363 2400 posse
397 2319 451 2400 qui
472 2319 608 2399 primum
626 2319 657 2383 in
678 2319 795 2384 bellum
828 2319 1024 2401 proiecturus
1058 2323 1150 2384 esset.
1196 2318 1265 2396 Qua
1297 2319 1330 2381 in
1363 2337 1396 2382 rc

270 2423 361 2503 plane
384 2422 539 2487 assentior
560 2421 723 2487 Hankelio.

359 2525 420 2591 Sed
443 2529 480 2589 ut
500 2525 610 2590 redeat
631 2526 713 2590 unde
736 2525 861 2590 deflexit
883 2526 991 2606 oratio,
1015 2543 1077 2590 uno
1099 2525 1149 2590 vel
1163 2526 1284 2590 duobus
1308 2526 1398 2612 annis

273 2633 350 2709 post
387 2627 520 2709 elegiam
554 2628 706 2692 decimam
725 2633 835 2710 ¹putat
878 2618 1094 2709 compositam·
1115 2648 1184 2694 osse
1221 2629 1398 2710 septimani.

275 2732 460 2813 Scrupulum
483 2736 589 2796 autern
613 2732 639 2795 si
662 2733 711 2823 cui
734 2733 804 2813 quis
841 2731 1004 2798 inhaereat
1041 2750 1078 2796 ea
1100 2733 1139 2796 de
1160 2751 1271 2797 causa
1309 2732 1397 2813 quod

276 2854 400 2904 cannen
424 2834 592 2914 septimum
615 2835 711 2914 priori
734 2835 776 2924 illi
800 2835 919 2899 decimo
942 2840 975 2898 et
1007 2834 1163 2898 suavitate
1186 2840 1219 2899 et
1241 2834 1400 2916 elegantia

272 2939 364 3018 longe
386 2938 478 3002 cedat
500 2936 689 3001 confidenter
711 2937 810 3001 credit
831 2937 896 3002 tolli
920 2938 946 3001 si
972 2938 1004 3000 id
1027 2937 1213 3017 respiciatur
1246 2931 1331 3018 quod
1366 2937 1399 3000 in

273 3041 407 3106 carmine
431 3039 563 3120 septimo
586 3045 699 3121 agatur
721 3041 759 3104 de
782 3042 874 3104 rebus
898 3060 916 3104 a
938 3040 1075 3104 Messala
1108 3041 1267 3120 praeclare
1296 3041 1398 3121 gestis

275 3162 356 3225 quae
389 3143 487 3206 multo
520 3143 619 3223 magis
653 3143 760 3223 epicae
794 3143 941 3225 gravitati
979 3162 1073 3224 quarn
1107 3143 1225 3224 elegiae
1253 3141 1399 3207 facilitati

234 3247 236 3254 ’
276 3247 459 3312 conveniant
481 3245 587 3327 eisque
610 3246 820 3335 describendis
837 3231 954 3309 ¹Tibulli
977 3246 1133 3327 ingenium
1156 3246 1257 3325 impar
1290 3244 1395 3309 fuerit.

274 3351 396 3414 'Harum
416 3349 514 3430 igitur
546 3355 681 3430 utraque
719 3349 819 3431 elegia
855 3349 1017 3412 interiecta
1053 3348 1202 3412 leniorem
1239 3347 1401 3411 existimat

73 3515 75 3522 ,
145 3424 149 3431 .
207 3523 208 3528 ,
258 3441 442 3534 'transitum
464 3451 581 3517 sactum
604 3472 673 3517 esse
696 3453 735 3516 ab
758 3450 939 3533 imperfecto
961 3451 1148 3533 panegyrico
1178 3433 1218 3537 ad
1241 3441 1400 3532 elegantia

200 3585 203 3590 ·
275 3557 329 3620 illa
352 3562 385 3620 et
410 3554 551 3637 perfecta
579 3556 715 3620 carmina
752 3574 832 3636 quae
866 3559 971 3620 essent
1007 3554 1077 3618 libri
1110 3553 1202 3633 primi
1239 3558 1400 3634 quartum,

183 3731 185 3737 k
276 3678 400 3738 nonum,
415 3664 567 3738 octavum,
592 3659 728 3737 tertium,
742 3658 884 3738 primum,
909 3644 1038 3738 reliqua.
1084 3657 1133 3720 Ad
1155 3675 1247 3737 quern
1260 3655 1403 3720 ordinem

278 3763 415 3827 animum
438 3761 539 3825 acrius
563 3759 906 3844 attendentemyfugere
929 3780 990 3824 nou
1017 3761 1122 3840 potest
1155 3775 1248 3840 quem
1281 3744 1314 3822 ¹in
1353 3777 1404 3822 er-

277 3884 380 3930 rorem
402 3864 450 3930 vir
472 3861 500 3927 d.
523 3863 673 3928 inciderit.
720 3863 888 3944 Repugnat
908 3863 960 3927 ille
998 3863 1063 3940 sine
1101 3862 1195 3926 dubio
1233 3862 1261 3926 ei
1298 3860 1401 3925 ordini

280 3985 384 4032 rerum
406 3966 460 4030 illa
482 3970 587 4031 aetate
621 3970 762 4030 actarum
787 3952 892 4046 'quam
930 3966 996 4045 ipse
1018 3964 1191 4030 Hankelius
1228 3963 1400 4036 constituit.

277 4070 426 4136 Probavit
448 4069 529 4142 enirn
552 4067 698 4150 gravibus
733 4069 834 4134 1111111
868 4069 980 4150 quibus
1014 4068 1074 4148 ipsi
1096 4067 1170 4146 quin
1205 4067 1244 4130 ad
1277 4071 1404 4146 partem

278 4173 502 4238 assentiremur
523 4159 626 4236 faeere
648 4189 709 4236 non
732 4165 912 4252 poteramus
934 4189 985 4239 res
1008 4171 1039 4234 in
1062 4169 1188 4234 Oriente
1222 4189 1241 4233 a
1263 4168 1406 4233 Messala

64 4321 69 4332 ·
165 4291 169 4300 ·
279 4282 352 4370 ante
374 4259 491 4340 bellum
513 4273 731 4354 Aquitanicam
747 4279 853 4356 gestas
865 4287 945 4339 esse'.
990 4273 1127 4339 Tertiam
1151 4278 1256 4338 autern
1270 4271 1406 4354 elegiam

199 4403 201 4408 ·
279 4379 367 4444 initio
390 4376 594 4463 expeditionis
638 4377 795 4442 Asiaticae
818 4376 968 4441 aTibullo
984 4375 1188 4466 compositam
1211 4395 1282 4440 esse
1295 4395 1406 4440 omnes
1489 4459 1492 4466 ι

281 4469 389 4548 virid.
414 4501 476 4547 uno
498 4499 552 4547 ore
575 4480 772 4546 consentiunt
794 4499 831 4546 ac
855 4499 895 4545 ne
916 4480 1107 4545 Hankelium
1126 4478 1256 4560 quidem
1293 4478 1324 4543 id
1362 4478 1410 4544 in-
