3022 4982
219 645 290 710 Jam
326 643 400 708 vero
437 662 475 708 ex
511 643 610 724 ipsis
607 642 810 707 carminibus
852 640 988 706 rationes
1026 660 1133 707 eorum
1176 648 1300 708 tem-

89 781 92 786 *
133 768 244 830 porum
288 745 452 812 definiendi
498 747 587 811 nobis
610 750 762 827 quaerent
748 745 831 810 tibus
879 743 1044 810 dolendum
1077 751 1126 814 est
1162 745 1284 812 certis
1291 781 1295 790 ·

133 851 282 916 historiae
324 855 388 914 ttes
387 849 509 914 imcniis
557 848 622 912 fere
667 867 723 912 uus
766 848 861 912 destit
823 853 933 912 ttutos
967 854 1044 913 esse.
1103 849 1256 914 Namct

137 973 217 1034 quae
251 953 290 1017 de
325 953 406 1018 bello
439 951 624 1032 Aquitanico
658 951 710 1042 cui¹
739 935 877 1020 Tibullus
911 969 945 1014 se
980 951 1048 1032 ipse
1076 951 1255 1040 interfuisse
1303 947 1304 950 ’
1335 1003 1338 1010 .
1389 1017 1392 1028 ,

135 1057 209 1120 dicit
231 1056 270 1120 de
297 1073 398 1137 caque
432 1054 627 1134 expeditione
660 1071 754 1134 quam
777 1053 913 1124 Messala
935 1054 966 1117 in
989 1053 1097 1118 Asiam
1118 1053 1192 1118 fecit
1225 1055 1255 1119 iu
1295 1135 1297 1138 Ι

135 1158 321 1223 carminibus
344 1162 460 1236 entant,
484 1162 549 1220 tam
572 1156 761 1245 sunthdubia
784 1161 819 1220 ut
841 1157 1010 1237 quidquam
1046 1157 1123 1221 certi
1158 1177 1196 1220 ex
1218 1157 1255 1220 iis

37 1250 40 1257 ’
135 1257 237 1344 colligi
258 1281 319 1326 non
342 1266 450 1342 queat3
473 1277 574 1342 neque
611 1259 751 1340 quamuis
774 1259 929 1324 Messalae
952 1257 1127 1340 triumphus
1163 1248 1262 1341 quem

92 1365 173 1461 'lex
196 1364 286 1428 lastis
303 1363 484 1444 Capitolinis
508 1367 641 1442 apparet
662 1367 767 1426 actum
790 1381 859 1426 csse
883 1380 910 1426 a.
936 1363 997 1426 727
1021 1363 1052 1426 iu
1068 1362 1255 1427 carminibus

137 1470 398 1557 commemoretur
419 1465 458 1530 ab
482 1465 654 1545 eodemque
691 1465 742 1529 via
765 1465 877 1534 Latina
914 1470 986 1545 pest
1006 1465 1255 1548 triumphume
1305 1529 1306 1534 ,

72 1601 74 1606 v
135 1570 411 1648 manibiis-strata,
445 1574 551 1632 tamen
566 1568 698 1630 multum
731 1586 769 1630 en
790 1566 939 1639 hoelucri
962 1567 1074 1632 ducere
1090 1567 1256 1649 possumus
1359 1647 1361 1654 Α

136 1672 282 1754 οιιοοίοιο
305 1691 366 1753 quo
389 1690 470 1736 anno
492 1671 550 1735 boc
578 1669 693 1734 bellum
729 1689 767 1733 ex
800 1689 861 1751 quo
883 1670 1021 1736 Messala
1053 1670 1263 1752 triumphavit¹

136 1779 261 1857 gestum
276 1779 339 1846 ¹aut
362 1772 534 1838 confectum
573 1773 615 1838 sit
651 1791 719 1850 non¹
749 1773 827 1836 satis
865 1764 1057 1854 compertum
1093 1770 1254 1840 habemus.

136 1877 346 1956 Quamobrem
383 1895 452 1940 cum
489 1895 527 1940 en
563 1875 673 1940 Tibulli
715 1875 791 1954 ipsis
829 1876 1016 1941 carminibus
1053 1878 1128 1942 nibil
1173 1878 1257 1942 aliud

136 1985 267 2044 eruatur
287 1974 347 2044 nisi
361 1978 551 2043 familialiter
573 1997 644 2042 eum
681 1996 772 2041 usum
795 1996 863 2042 esse
886 1979 927 2042 M.
952 1978 1089 2044 Messala
1126 1986 1173 2066 ct
1186 1999 1256 2062 par-

135 2083 261 2162 ticipem
283 2082 381 2146 suisse
403 2081 474 2145 belli
498 2080 673 2162 Aquitauici
695 2099 822 2144 necesse
846 2099 915 2145 esse
943 2088 1091 2161 putamus
1125 2084 1255 2166 diligen-

136 2186 257 2250 tissime
287 2185 401 2267 inquiri
437 2185 468 2248 in
506 2188 692 2265 argumenta
728 2183 766 2263 de
803 2183 895 2247 huius
933 2184 1004 2248 belli
1041 2191 1182 2266 tempore
1220 2206 1258 2251 cx

135 2289 200 2353 hist
186 2288 267 2353 teria
288 2307 362 2369 repe
365 2288 431 2367 uta,
466 2287 497 2351 in
534 2306 595 2368 quo
633 2291 777 2351 accurate
814 2287 1092 2354 circumscribendo
1126 2295 1259 2376 apparet

136 2391 228 2472 quasi
251 2391 477 2477 cardincmtt
430 2390 527 2454 tertius
550 2390 742 2471 quaestionis
765 2390 894 2454 versari.

174 2495 267 2559 Ac
303 2494 437 2575 primum
471 2493 604 2574 quidem
633 2492 798 2557 dolendum
844 2497 893 2556 est
929 2512 1024 2557 unum
1061 2499 1184 2560 tautum
1221 2513 1259 2560 ex

137 2597 276 2679 antiquis
299 2597 394 2677 script
381 2596 501 2661 toribus
526 2595 565 2660 de
588 2595 737 2660 hocbelle
760 2595 1095 2680 aliquidmemoriaet
1081 2598 1256 2664 tradidisse.
1272 2633 1274 2637 ·
1330 2657 1332 2664 Α

137 2701 299 2780 Appianus
322 2700 404 2764 enim
427 2700 511 2764 solus
535 2717 604 2763 cum
627 2699 689 2782 alia¹
711 2699 750 2762 de
773 2677 968 2763 Messsalat
954 2704 1021 2764 tum
1054 2700 1131 2765 haec
1164 2701 1260 2766 habet
1278 2717 1294 2737 ··

76 2886 78 2890 .
136 2802 221 2922 ²(bell.
246 2803 299 2867 civ.
324 2802 378 2882 IV,
403 2804 465 2885 38).
508 2795 598 2868 but
621 2783 811 2895 (Kaioup)‘'
791 2799 918 2866 νπατόν
933 2825 969 2868 τε
990 2797 1158 2890 ἀπέφηνεν
1187 2798 1258 2868 ἀντὶ

136 2900 310 2971 Ἀντωτίου
337 2899 701 2996 ἀποχειροτονηθέντος,
740 2929 794 2971 οτε
831 2891 926 2979 αὖθις
968 2899 1143 2994 ἐψηφίζετο
1177 2901 1259 2972 εἶναι

138 3007 301 3091 πολέμιος,
324 3012 376 3073 καὶ
398 3013 474 3096 περὶ
493 3005 623 3074 Ἄκτιον
646 3007 888 3095 ναυαρχήσαντα
910 3005 990 3074 κατὰ
1005 3010 1065 3075 τοῦ
1086 3003 1274 3076 Aurariae,

6 3129 7 3136 ’
104 3197 108 3207 Ι
139 3107 313 3198 στρατηγὸν
335 3104 487 3196 ’ἐπεμψεν
509 3106 564 3178 brui
586 3108 724 3184 Κελτοὺς
744 3105 980 3196 ἀφισταμένους
1011 3116 1081 3200 καὶΙ
1097 3110 1259 3201 νικήσαντι

138 3249 235 3298 tradita
252 3248 428 3304 confirmatur,
463 3249 555 3312 Neque
573 3255 659 3298 temen
683 3249 731 3297 hac
746 3263 777 3296 rc
799 3249 861 3297 milri
892 3249 996 3311 quidem
1027 3249 1198 3313 persuadetur
1230 3261 1260 3298 ut

143 3334 181 3383 illi
200 3335 270 3383 vitae
288 3333 427 3397 quidquam
445 3333 554 3383 tribuam
565 3334 693 3398 ponderis.
729 3332 796 3383 Nam
810 3348 979 3397 quaecunque
990 3334 1080 3384 auctor
1097 3319 1157 3384 eius¹
1169 3341 1260 3384 narrat

139 3419 171 3469 de
192 3418 292 3468 Tibulli
311 3421 380 3469 vitae
398 3434 473 3469 cursu
491 3434 521 3470 ιο
541 3420 754 3469 conditione'aut
771 3417 895 3468 eTibulli
913 3420 975 3484 ipsis
988 3419 1144 3470 carminibus
1162 3429 1208 3470 eut
1226 3435 1259 3489 ex

90 3565 92 3569 v
139 3506 197 3556 alirs
216 3504 330 3556 fontibus
349 3505 442 3556 hausta
458 3512 519 3555 sunt
536 3505 629 3569 quibus
646 3501 684 3555 ubi
702 3507 781 3555 etium
798 3519 868 3554 nuuc
885 3504 953 3555 licet.
997 3505 1077 3554 Velut
1095 3520 1210 3569 eaquae
1228 3506 1260 3555 dc

139 3591 231 3641 forma
248 3591 372 3654 cultuque
390 3593 505 3655 corperis
522 3591 622 3640 Tibulli
644 3591 724 3640 tradit
740 3591 796 3640 siue
823 3589 901 3639 dubio
919 3589 1011 3640 hausta
1027 3599 1088 3642 sunt
1106 3606 1138 3641 ex
1156 3592 1259 3642 Horatii

137 3677 256 3742 'epistula
276 3677 296 3738 l,
314 3677 331 3728 4
351 3668 388 3741 Ιτᾶ
413 3676 521 3726 Albium
539 3677 672 3726 Tibullum
701 3677 805 3741 scripta,
840 3675 914 3726 Nihil
939 3670 994 3726 sere
1011 3677 1079 3739 inest
1108 3677 1177 3741 quod
1204 3693 1259 3728 nen

140 3762 246 3812 aliunde
264 3763 313 3830 ipsi
335 3759 471 3816 diseamus.
506 3761 582 3822 Duae
601 3769 700 3812 tautum
718 3777 760 3812 res
777 3769 838 3812 suut
855 3776 922 3825 quae
939 3763 1008 3827 apud
1034 3764 1194 3818 eumsolum
1220 3765 1259 3814 iu-

140 3849 280 3898 veuiuutur
299 3862 409 3911 querum
426 3862 479 3899 uua
496 3849 617 3900 cethaee
639 3849 707 3912 qued
730 3847 863 3898 Tibullum
893 3848 956 3900 dicit
981 3851 1094 3912 equitem
1112 3849 1259 3902 Romanum

140 3933 227 3996 luisse,
247 3929 331 3984 altera
349 3933 418 3996 quod
436 3934 516 3983 tradit
545 3950 604 3984 eum
624 3933 691 3984 bello
721 3933 880 3998 Aquitanico
910 3934 989 3998 ‚donis
1019 3935 1173 3986 militaribus
1204 3949 1259 3984 csse

104 4079 108 4084 ¹
140 4026 303 4077 exornatum,
338 4018 508 4084 Sedecim
526 4020 557 4070 dc
574 4035 655 4070 causa
672 4020 741 4083 quod
766 4020 815 4070 hac
832 4034 874 4069 res
886 4020 955 4084 apud
982 4035 1041 4071 cum
1059 4020 1142 4071 solum
1160 4027 1259 4081 extant,

140 4103 307 4155 vehementer
324 4104 423 4167 dubito,
442 4119 503 4154 uum
520 4119 613 4155 revera
633 4107 671 4156 ita
697 4105 865 4162 rehabeant.
901 4105 978 4156 Certe
1006 4121 1040 4157 ax
1057 4106 1106 4156 hac
1132 4121 1161 4156 re
1179 4106 1259 4170 quod
1363 4161 1367 4172 ¹

139 4190 176 4240 ibi
193 4188 313 4240 Tibullus
329 4204 409 4258 eques
427 4190 559 4242 Romanus
583 4191 730 4258 appellatur
758 4191 825 4241 nihil
854 4207 921 4252 cum
942 4192 1026 4257 specie
1056 4193 1111 4242 veri
1139 4192 1260 4271 concludi

140 4283 233 4341 potest.
267 4276 356 4339 Atque
374 4277 443 4340 quod
461 4277 524 4326 dicit
541 4276 674 4326 Tibullum
692 4277 766 4327 donis
783 4277 938 4328 militaribus
956 4284 1111 4328 exornatum
1137 4293 1192 4328 csse
1203 4277 1260 4330 ,hcc

140 4368 210 4412 certe
229 4361 396 4412 falsissimum
414 4369 461 4417 est.
496 4361 587 4426 Neque
605 4358 677 4413 euim
691 4363 746 4439 ullc
764 4363 843 4414 modo
861 4364 945 4413 evinci
963 4347 1048 4428 potest
1059 4362 1192 4413 Tibullum
1212 4365 1259 4413 mi-

139 4447 210 4496 litari
229 4462 338 4498 munere
356 4447 473 4498 functum
506 4462 570 4500 esse.
604 4447 656 4499 Sed
675 4448 707 4498 de
736 4447 871 4503 biarchus
900 4449 1044 4500 accuratius
1073 4448 1260 4515 disputabimus

140 4547 200 4584 cam
218 4534 336 4604 quaestio
354 4533 458 4598 longius
476 4534 638 4601 precesserit.
